1830 3201
263 166 342 220 24o

262 295 344 332 sive
374 296 485 331 vetus
524 293 799 341 grammaticus
838 292 1000 341 sumpsit
1040 305 1061 330 a
1098 293 1206 330 nullo
1244 292 1401 331 adiutus
1439 306 1568 343 neque
1604 307 1733 333 rerum

262 365 458 411 gestarum
481 361 670 409 scriptore
694 372 823 409 neque
845 360 919 398 alio
942 362 1115 409 auctore,
1143 360 1212 397 sed
1236 361 1320 399 solo
1343 373 1412 399 suo
1435 361 1542 399 nisus
1563 362 1735 410 ingenio.

262 431 342 467 Iam
375 441 459 466 cum
492 428 559 465 illa
590 428 741 465 scholia
771 439 888 476 saepe
920 430 958 464 et
988 431 1149 477 propter
1180 440 1243 466 res
1274 428 1378 476 ipsas
1415 431 1452 467 et
1482 431 1643 479 propter
1674 442 1736 468 co-

264 497 449 534 micorum
481 495 701 543 fragmenta
732 495 849 532 allata
886 495 1037 531 maximi
1075 495 1152 532 sint
1183 496 1379 545 momenti,
1414 508 1664 546 quamquam,
1693 499 1737 534 ut

264 567 403 601 natura
424 563 499 600 sert
521 565 559 599 et
580 562 757 610 exempla
774 562 983 610 docebunt,
1005 574 1154 599 summa
1171 575 1258 600 cum
1279 564 1458 601 cautione
1481 563 1735 614 excipiendae

264 634 300 668 et
321 630 369 668 ad
393 629 590 666 historiam
614 629 871 677 adhibendae,
899 629 958 667 his
980 629 1209 678 plerumque
1232 642 1359 668 merae
1384 643 1511 680 nugae
1532 630 1736 680 proferun-

264 700 336 735 tur.
387 697 578 743 Ceterum,
611 698 653 733 ut
675 709 696 732 a
718 697 934 744 posteriore
957 708 1102 744 genere
1125 697 1274 734 initium
1299 697 1448 743 faciam,
1479 699 1604 736 statim
1628 711 1738 747 prae-

264 778 441 803 moneam
472 777 531 801 me
563 764 754 801 nonnulla
785 764 1007 802 huiusmodi
1038 764 1185 802 scholia
1216 764 1317 802 infra
1349 777 1435 803 esse
1466 768 1736 812 tractaturum,

264 833 327 870 1116
365 832 457 869 illud
495 832 733 880 potissimum
778 835 975 880 agentem,
1017 834 1058 868 ut
1098 833 1208 880 quasi
1252 832 1547 870 fundamentum
1589 834 1737 879 iaciam,

265 913 341 949 quo
374 900 458 937 nisa
489 900 673 937 maiorem
706 899 1019 948 probabilitatem
1053 899 1251 937 habebunt
1287 912 1332 938 ea
1369 913 1471 949 quae
1509 903 1646 950 postea
1675 901 1739 938 hie

265 969 342 1006 illic
372 980 574 1016 exponam.

378 1048 426 1084 Et
461 1046 625 1096 primum
658 1046 815 1095 quidem
853 1058 1002 1084 summa
1037 1047 1152 1084 laude
1190 1047 1332 1096 dignus
1369 1051 1427 1085 est
1464 1050 1612 1093 auctor,
1651 1060 1738 1086 cum

266 1115 410 1152 indicat
441 1126 482 1151 se
506 1115 631 1162 ipsum
663 1114 757 1151 nihil
780 1114 872 1151 certi
904 1114 1062 1152 aliunde
1095 1115 1291 1162 cognitum
1315 1115 1473 1163 habere,
1503 1115 1571 1152 sed
1604 1128 1625 1152 a
1656 1116 1739 1153 solo

266 1186 381 1230 poeta
413 1182 710 1231 explicationem
743 1182 942 1231 petivisse,
973 1185 1014 1219 ut
1046 1181 1214 1219 dilucide
1245 1181 1388 1219 factum
1417 1182 1594 1220 videmus
1625 1183 1662 1220 in
1695 1183 1740 1220 iis

266 1250 439 1297 scholiis,
480 1250 516 1286 in
559 1249 698 1297 quibus
739 1249 913 1286 additum
956 1252 1013 1286 est
1055 1237 1078 1285 ὁ
1116 1242 1298 1300 ποιητής
1339 1256 1441 1299 φησι
1484 1248 1576 1286 κτλ.
1621 1252 1663 1288 ut
1701 1251 1759 1293 in,

266 1318 385 1355 schol.
413 1318 540 1366 Equit.
570 1320 650 1356 438
682 1318 706 1355 1.
735 1321 797 1366 27,
834 1317 897 1354 ubi
935 1330 1022 1355 cum
1055 1318 1139 1364 alia,
1176 1322 1218 1354 ut
1248 1321 1386 1366 postea
1422 1318 1683 1367 probabimus,
1721 1331 1741 1356 e

266 1385 512 1433 Thucydidis
543 1385 640 1422 libro
678 1388 762 1423 orta
793 1386 879 1431 sint,
916 1385 1090 1422 additur:
1131 1374 1218 1422 (ἷπὸ
1249 1378 1412 1435 ταύτης
1449 1381 1551 1436 φησὶ
1589 1382 1684 1433 (3611.
1715 1374 1739 1423 ὁ

265 1445 466 1502 ποιητής)
497 1450 575 1501 τῆς
600 1445 768 1497 πόλεως
798 1448 1063 1500 κὲκλοᾳὲναι
1091 1448 1196 1489 δέκα
1216 1443 1410 1489 τάλαντα
1441 1446 1520 1489 τὸν
1543 1448 1741 1498 Κλέωνα,

270 1523 311 1558 111
344 1533 455 1558 1161110
487 1520 666 1558 dubitare
690 1521 822 1568 possit,
855 1521 949 1569 quin
982 1522 1055 1558 hoc
1087 1521 1136 1558 sit
1163 1521 1551 1569 interpretamentum
1583 1534 1606 1558 a
1626 1522 1743 1569 poeta

267 1590 351 1638 ipso
379 1589 599 1636 repetitum.
649 1587 781 1625 Simile
809 1589 1010 1625 invenitur
1041 1589 1163 1626 schol.
1188 1590 1201 1625 l
1230 1589 1359 1637 Equit.
1382 1590 1472 1626 248.
1495 1590 1593 1637 4783
1624 1588 1743 1637 Vesp.

269 1658 365 1704 9703
401 1656 639 1703 Lys.1058.
707 1655 852 1692 Eodem
897 1655 1094 1703 pertinent
1138 1668 1182 1692 ca
1218 1656 1380 1700 scholia,
1423 1655 1566 1704 quibus
1608 1655 1741 1693 addito

268 1723 456 1761 vocabulo
482 1719 683 1770 φαίνεται
715 1724 795 1760 sive
818 1718 942 1759 δοκεῖ
970 1723 1159 1760 dubitatio
1187 1727 1255 1760 aut
1276 1723 1481 1761 inscientia
1504 1723 1743 1760 conceditur.

269 1792 320 1828 Ut
359 1791 476 1828 schol.
508 1790 602 1827 Aeli.
633 1793 657 1829 8
690 1791 712 1827 l.
744 1793 915 1829 11-13
955 1791 1114 1838 legitur:
1160 1786 1218 1835 εἰς
1257 1783 1308 1827 τὸ
1351 1787 1489 1840 δρᾶμα
1534 1777 1614 1827 οὖν
1649 1787 1743 1827 τῶν

270 1853 442 1895 ἱππέων
480 1855 517 1905 (i.
545 1870 575 1895 e.
607 1851 658 1894 τὸ
690 1851 818 1907 ἔργον
853 1855 946 1894 τῶν
982 1852 1169 1903 inae-'ona
1207 1871 1252 1896 ea
1289 1871 1390 1907 quae
1423 1859 1572 1907 equites
1609 1858 1743 1895 effece-

270 1924 410 1971 runt¹)]
453 1916 743 1962 (ἷποτῦίιέται.
800 1916 871 1961 διὰ
909 1918 1075 1962 τούτου
1117 1926 1237 1974 (quod
1275 1926 1427 1975 corrige
1464 1927 1501 1963 in
1539 1917 1742 1969 τούτους)

270 1987 349 2043 γὰρ
391 1989 588 2041 φαῖνε-ται
632 1989 972 2038 καταδικασθεὶς
1012 1981 1035 2029 ὁ
1077 1989 1227 2030 Κλὲωυ
1265 1986 1464 2030 τάλαντα
1501 1986 1545 2030 ε’.
1605 1994 1664 2030 De
1700 2004 1744 2029 re

270 2062 354 2108 ipsa
391 2064 525 2110 postea
562 2061 792 2111 videbimus,
833 2062 895 2098 hic
936 2061 1028 2099 satis
1064 2062 1112 2098 sit
1152 2064 1310 2099 notasse
1352 2061 1456 2098 hunc
1497 2060 1743 2098 sclioliastam

272 2129 489 2166 concedere
527 2141 568 2166 36
601 2130 694 2166 certi
728 2130 938 2178 quicquam
976 2129 1023 2166 de
1054 2129 1127 2166 hac
1159 2141 1200 2166 re
1237 2129 1436 2178 cognitum
1476 2141 1552 2166 non
1591 2128 1743 2165 habere.

277 2196 423 2234 Deinde
455 2196 531 2233 huc
562 2198 732 2245 pertinet
763 2197 883 2234 schol.
910 2197 1007 2234 Ach.
1030 2198 1148 2242 1150,
1187 2196 1249 2234 ubi
1287 2208 1372 2234 cum
1405 2196 1514 2245 prius
1545 2195 1744 2242 scholium,

273 2265 452 2312 quamvis
476 2264 719 2301 confidenter
740 2277 801 2302 res
823 2263 1056 2313 proferatur,
1088 2264 1263 2312 ineptiat,
1294 2266 1337 2301 ut
1357 2266 1494 2311 postea
1514 2262 1744 2308 videbimus,

272 2333 395 2368 altero
433 2332 454 2368 l.
483 2335 546 2380 51,
583 2331 688 2380 quod
726 2331 962 2381 Didymeum
999 2336 1069 2381 est,
1106 2332 1263 2369 dicitur:
1302 2324 1443 2367 ἐδόκει
1481 2325 1525 2367 δὲ
1562 2318 1585 2366 ὁ
1617 2319 1745 2367 Ἀντί-

387 2465 413 2503 1)
447 2463 545 2503 Quae
563 2462 664 2496 verbi
691 2464 813 2506 δρᾶμα
840 2462 1059 2505 significatio
1084 2472 1126 2495 eo
1151 2462 1234 2505 plus
1260 2460 1370 2494 habet
1395 2458 1623 2499 insolentiae,
1647 2458 1746 2502 quod

275 2519 575 2562 quotiescumque
601 2518 652 2551 ita
677 2522 873 2561 usurpatur
899 2518 986 2552 haec
1010 2529 1092 2560 vox,
1126 2521 1166 2551 ut
1191 2516 1289 2560 apud
1314 2515 1489 2559 Aesehyl.
1508 2515 1579 2558 Ag.
1598 2518 1662 2549 538
1677 2514 1744 2558 W.‚

275 2575 422 2617 saepius
447 2574 545 2616 apud
570 2574 792 2608 recentiores
817 2571 1179 2616 (61”.Α611111.Τ31.8.
1204 2576 1241 2606 9:
1271 2569 1312 2605 τὸ
1340 2569 1413 2616 γὰρ
1439 2568 1563 2616 δρᾶμά
1589 2583 1657 2605 σου
1684 2567 1745 2606 ἐπὶ

275 2634 350 2663 τῶν
376 2626 504 2674 ιῖγριῦν
528 2625 757 2674 ἠκ(η”σα,ιιε-1’,
784 2630 1003 2664 Τ1160110161.
1024 2630 1066 2664 Η.
1085 2631 1124 2664 Ε.
1149 2629 1201 2662 IV
1228 2638 1308 2672 pag.
1327 2632 1408 2662 1320:
1442 2625 1485 2662 τὸ
1516 2630 1579 2672 τῆς
1603 2629 1746 2670 κλοπῆς

276 2688 408 2730 δρᾶμα,
434 2687 594 2729 saepius)
619 2686 655 2719 in
681 2686 807 2719 malam
834 2696 976 2730 semper
1001 2690 1139 2730 partem
1165 2685 1356 2728 accipitur:
1383 2695 1454 2719 non
1479 2684 1620 2718 invenit
1643 2682 1745 2717 scho-

276 2742 401 2776 liastes
437 2742 536 2776 aliud
572 2741 791 2776 vocabulum
831 2743 876 2776 ad
912 2742 1140 2787 periphrasin
1177 2741 1278 2776 vocis
1319 2737 1492 2786 τοῦργον,
1532 2750 1602 2785 qua
1636 2738 1746 2784 poeta

276 2797 400 2832 utitur.
