1815 3231
1434 191 1504 224 1⁴3?

38 309 74 346 p.
99 298 175 335 119
214 289 431 346 ουμμικτὰ
469 288 668 345 ἱστορικὰ
710 286 1008 346 ὖπομιίᾖιικτ(ι,
1049 311 1109 347 ap.
1137 298 1243 336 Suid.
1276 312 1303 336 s.
1333 311 1364 335 v.
1399 297 1506 347 ΙΙιιμ-

39 360 145 414 φίλη
177 355 377 414 ἱστορικὰ
407 353 702 413 ὑπομνήματα
735 365 1030 414 appclleutur.¹)
1092 367 1225 403 ltestat
1258 371 1298 404 ut
1330 367 1511 404 diiudice-

39 444 135 481 mus,
173 444 251 486 quo
284 432 368 469 iure
405 431 613 469 offenderit
644 432 908 469 Schneider-us
945 433 981 469 iu
1016 433 1098 470 libri
1133 434 1243 471 titulo
1276 426 1513 483 ἱστορικὰ

39 492 335 551 ὑπομνήματα
379 513 528 550 negans
571 502 607 538 iu
651 501 764 539 huius
803 502 958 550 generis
999 515 1114 550 opero
1159 504 1354 552 expositos
1396 504 1511 541 fuisse

41 569 207 619 mythos.
266 569 377 616 Quae
409 580 471 606 res
505 569 608 606 hunc
640 569 676 606 in
711 568 864 607 modum
898 570 1123 619 explicatur.
1187 572 1264 607 Etsi
1298 571 1510 608 conceden-

41 637 131 676 dum
165 640 224 676 est
254 637 495 676 Schneidero
527 636 672 685 opponi
714 637 815 674 inter
846 650 886 674 se
930 650 1041 686 posse
1082 638 1255 675 notiones
1297 632 1513 687 ἱστορικός

41 708 79 744 et
113 698 304 755 μυθικός
341 706 411 754 ita,
450 707 492 742 ut
529 704 823 754 distinguantur
860 717 920 742 res
959 705 1163 743 historicae
1205 711 1241 742 ct
1273 706 1513 754 mytliic:1o'-').

40 776 169 812 tamen
202 773 343 811 referri
374 784 492 810 voees
514 766 687 821 ἱστορία
708 776 745 810 ct
767 765 984 820 ἱστορικός
1017 773 1171 809 omuino
1200 773 1247 810 ad
1273 774 1514 811 narrationes

41 841 160 879 rebus
190 841 384 879 historicis
421 843 459 878 et
490 840 670 889 mythicis
710 853 785 878 non
825 840 1016 878 distinctis
1058 841 1252 883 co11stat.³⁵)
1304 832 1514 890 Ὑπομνή-

40 920 156 959 ματα
187 901 389 959 ἱστορικά
427 910 465 947 et
496 898 705 957 ἐπιτομάς
746 907 1023 956 distinguenda
1063 921 1138 945 nou
1172 920 1254 946 essc
1294 908 1362 945 hac
1400 921 1513 956 argu-

42 978 280 1017 mentatione
319 977 496 1016 effecisse
533 976 644 1015 nobis
675 976 862 1014 videmur.
922 975 1068 1022 Quodsi
1107 977 1273 1025 quaeris,
1312 983 1398 1014 uter
1431 977 1513 1014 libri

43 1046 180 1085 titulus
210 1046 319 1094 prior
350 1046 410 1094 sit,
441 1045 537 1083 certi
571 1044 665 1083 nihil
695 1043 981 1081 affirmaverim.

156 1114 236 1152 Iam
263 1114 497 1163 priusquam
518 1124 581 1150 res
602 1112 640 1149 in
663 1111 1024 1150 commentariorum
1054 1111 1134 1149 sive
1156 1112 1408 1159 epitomarum
1432 1111 1516 1148 reli-

44 1182 147 1232 quiis
168 1181 334 1220 traditas
365 1183 664 1230 pertractemus,
694 1179 743 1217 de
774 1180 903 1228 operis
931 1178 1054 1217 forma
1087 1190 1186 1227 quac
1218 1179 1372 1227 cognita
1404 1178 1517 1216 habc-

21 1243 131 1288 ‘mus
160 1248 306 1287 addere
328 1249 454 1286 liceat.
514 1248 744 1296 Suspicatus
765 1251 822 1284 est
845 1243 1102 1294 Dilthcyus4),
1134 1246 1199 1294 qui
1221 1246 1256 1283 in
1280 1245 1518 1295 explicandis

44 1317 175 1356 verbis
197 1312 479 1366 Καλλίμαχος
500 1306 527 1366 ἢ
550 1308 799 1366 Ζηνόδοτος
831 1317 986 1352 secutus
1009 1316 1066 1351 est
1093 1312 1385 1361 Schneiderum,
1420 1313 1518 1357 „siu-

45 1385 147 1435 gulis
169 1384 347 1423 articulis
369 1387 574 1422 auctorum
607 1382 841 1421 mentionem
869 1381 1106 1431 propositam
1131 1379 1288 1425 fuisse‘·',
1320 1380 1386 1418 sed
1419 1380 1518 1417 hanc

46 1453 311 1492 coniecturam
344 1454 447 1490 stare
480 1464 557 1489 non
589 1462 705 1500 posse
736 1462 818 1488 eam
851 1450 971 1498 ipsam
1004 1448 1165 1497 obrem,
1197 1447 1300 1497 quod
1333 1447 1520 1484 dubitatio

46 1521 95 1560 de
133 1521 220 1559 libri
258 1520 431 1559 auctoris
471 1521 558 1557 orta
595 1522 669 1567 ost,
706 1518 844 1556 elucet.
911 1518 969 1554 De
1007 1516 1259 1565 epitomarum
1299 1515 1440 1552 ambitu
1482 1513 1517 1551 id

46 1592 200 1628 constat
232 1589 331 1627 duos
363 1590 469 1626 certe
500 1587 633 1635 libros,
671 1587 743 1624 nisi
780 1586 912 1635 plures
943 1583 1112 1632 fuerunt,
1149 1583 1394 1621 circumlatos
1425 1593 1521 1628 csse,

48 1670 135 1696 cum
173 1669 275 1707 quae
309 1656 357 1694 de
387 1655 567 1694 Herculis
599 1657 638 1693 et
668 1653 808 1703 Leprei
847 1652 1122 1690 certaminibus
1160 1649 1300 1688 tradita
1337 1653 1438 1696 sunt,
1475 1643 1521 1684 ἐι·

48 1720 240 1775 δευτέρῳ
271 1718 498 1772 ἐπιτομῶυ
527 1721 695 1759 inveniri
728 1720 833 1758 dicat
863 1718 1101 1756 Athenaeus.

161 1792 401 1830 Mentionem
433 1790 574 1828 fecisse
605 1789 642 1826 in
674 1787 851 1837 epitomis
883 1785 1121 1824 Zenodotum
1155 1795 1265 1821 usum
1297 1781 1521 1821 Callimachi

48 1859 268 1899 testimonio
299 1859 484 1908 Europae
516 1856 610 1894 dicit
637 1855 847 1893 scholiasta
874 1855 911 1892 in
940 1852 1188 1891 adnotatione
1215 1850 1262 1888 ad
1294 1851 1385 1887 Eur.
1408 1846 1524 1886 Rhes.

49 1941 104 1967 vs.
128 1926 226 1974 285)
286 1927 569 1965 Dissenserunt
608 1927 735 1962 autem
773 1926 944 1970 veteres,
985 1924 1090 1958 terra
1129 1919 1288 1966 Europa
1329 1916 1521 1953 undenam

50 2009 192 2046 nomen
224 1996 393 2034 duxerit.
451 1995 551 2032 Nam
583 1992 647 2029 alii
678 2003 726 2029 ex
748 1991 919 2038 Europa,
950 1987 1081 2026 Cadmi
1110 1998 1254 2030 sorore,
1287 1996 1400 2033 quam
1434 1982 1525 2020 ada-

51 2065 170 2103 mavit
200 2064 359 2113 Iupiter,
402 2073 543 2100 nomen
581 2058 837 2109 repetendum
876 2068 971 2101 esse,
1011 2055 1074 2092 alii
1112 2053 1257 2092 Oceani
1296 2050 1451 2094 filiamG)
1488 2051 1523 2087 iu

52 2144 212 2170 censum
235 2132 370 2169 venire
402 2129 632 2168 docuerunt.
693 2126 824 2175 Atque
856 2122 1078 2161 Zenodotus
1108 2120 1262 2169 quidem
1296 2119 1342 2155 ab
1374 2118 1523 2155 illorum

169 2241 194 2277 ¹)
228 2237 284 2273 Cf.
309 2238 492 2281 Pluygers
517 2236 539 2269 l.
558 2246 587 2269 c.
613 2246 647 2278 p.
669 2237 718 2267 12.

5 2332 8 2334 ,
165 2293 194 2338 ²)
229 2293 286 2328 Cf.
311 2291 442 2327 Strabo
466 2291 483 2325 I
508 2301 542 2334 p.
562 2293 600 2324 6:
631 2283 788 2331 μυθώδη
814 2282 897 2319 τινὰ
927 2279 1237 2327 προσπέπλεκται
1272 2284 1348 2319 τοῖς
1373 2274 1527 2322 λεγομὲ-

52 2351 132 2380 νοις
158 2336 369 2383 ἱστορικαῖς,
395 2336 476 2370 alia.
502 2331 506 2335 ⁴

40 2431 47 2440 ,
166 2397 195 2439 ³)
229 2393 283 2429 Cf.
310 2403 340 2428 e.
365 2404 417 2437 gr.
449 2401 544 2436 quae
569 2401 614 2425 ex
639 2388 789 2423 Duridis
816 2383 997 2430 ἱστορίαι,1
1030 2387 1173 2418 servata
1199 2384 1283 2415 sunt
1313 2390 1369 2422 ap.
1394 2377 1527 2412 Athen.

54 2454 118 2486 560
133 2451 174 2492 B,
199 2453 264 2484 606
280 2449 319 2494 C,
353 2458 398 2483 ex
428 2446 547 2481 Thalli
581 2442 788 2488 ἱστορικοῖς
817 2436 1057 2484 ὑπομνήμασι
1101 2436 1253 2482 muller,
1283 2435 1421 2477 Fragm.
1449 2433 1530 2466 hist.

54 2507 118 2542 Gr.
140 2506 195 2540 III
219 2517 254 2551 p.
273 2507 364 2548 547J.
388 2524 432 2528 ——
456 2503 648 2537 Praeterea
672 2499 716 2535 cf.
742 2510 777 2542 p.
797 2500 870 2537 162,
896 2495 958 2530 ubi
985 2495 1022 2528 in
1039 2493 1194 2527 Tzetzae
1218 2490 1298 2524 loco
1323 2497 1530 2524 commemo-

55 2567 155 2598 ratur
184 2559 333 2607 ἱστορία
358 2573 414 2601 τις
436 2552 628 2602 μυθώδης.

171 2622 200 2661 4)
232 2629 268 2663 p.
287 2621 340 2652 10.

168 2678 198 2718 ⁵)
231 2673 287 2709 Cf.
313 2671 490 2707 Barthold
515 2681 549 2714 p.
568 2672 606 2712 ὃς
631 2665 880 2707 Wilamowitz,
906 2663 960 2695 De
987 2660 1096 2695 Rhesi
1117 2657 1262 2693 scholiis
1289 2654 1530 2698 disputatiun-

58 2732 152 2766 cula.
190 2731 269 2765 Ind.
295 2731 380 2764 lect.
405 2725 674 2771 Gryphiswald.
705 2724 858 2765 18772'73,
884 2730 917 2763 p.
938 2721 996 2760 1ος
1029 2714 1251 2757 Bernhardy,
1276 2710 1473 2746 Grundriss
1500 2709 1533 2742 d.

55 2787 195 2829 griech.
213 2787 301 2821 Litt.
329 2785 377 2829 11,
403 2787 433 2817 2.
459 2793 493 2826 p.
513 2784 589 2815 727.

172 2845 201 2887 ⁰)
235 2840 291 2877 cf.
315 2839 468 2885 Hesiod.
485 2836 623 2879 Theog.
647 2839 721 2869 357.
