1830 3201
314 178 393 214 338

314 288 381 337 III,
413 299 578 336 quorum
610 287 686 325 hoe
709 287 959 326 vehementer
981 288 1255 326 conturbatum
1279 291 1347 327 est.
1397 290 1496 327 Nam
1519 290 1685 338 primum
1709 295 1791 339 qui·
1829 277 1830 288 ³

313 354 399 392 dem
429 345 500 391 διὰ
519 347 570 391 τὸ
593 343 659 391 ἐπ)
678 345 832 404 ὀλίγον
852 375 907 380 —
928 353 1321 407 καταψηφισθῆναι
1343 356 1391 394 ad
1414 358 1538 395 solum
1562 357 1789 395 historicum
1826 366 1828 400 ς

312 423 506 471 pertinere
537 433 652 470 posse
684 422 807 471 primo
838 426 1001 472 aspectu
1033 422 1237 472 constatssl,
1275 426 1317 461 ut
1347 424 1564 462 subiectum
1602 424 1652 462 ad
1684 413 1790 461 οὐδὲ
1827 407 1828 427 ³

312 482 429 538 παρὰ
459 492 551 533 τοῖς
581 492 803 538 κωμικοῖς,
841 489 955 527 immo
987 501 1081 527 vero
1119 490 1166 527 ad
1199 491 1473 529 antecedentia
1504 503 1662 540 quoque
1694 481 1790 528 ἀλλ’

312 546 416 594 οὐδὲ
446 549 590 607 ,πάντη
621 550 839 606 γνώριμος
860 551 1029 607 ἐγένετο
1061 570 1138 595 non
1161 558 1210 595 sit
1233 558 1503 607 Philochorus,
1534 559 1638 608 quod
1670 571 1790 597 sensu

313 636 446 662 carere
477 636 546 672 per
567 636 608 662 se
640 627 760 674 patet,
790 624 858 662 sed
885 620 1171 676 Θουκυδίδης,
1203 638 1345 675 nempe
1367 626 1588 664 historicus.
1633 615 1789 665 ⁴Dicere
1829 616 1830 629 ³

312 692 430 740 igitur
450 691 535 728 vult
557 691 747 739 Didymus
768 691 1038 741 Thucydidem
1062 704 1188 741 neque
1211 693 1380 742 omnino,
1402 696 1507 731 certe
1528 694 1567 731 in
1590 693 1790 742 republica

312 758 495 807 gerenda,
525 758 742 797 innotuisse
774 771 903 807 neque
935 772 957 797 a
980 759 1135 797 comicis
1157 761 1239 798 sive
1262 760 1407 799 comico
1440 759 1658 807 derideriff)
1709 761 1789 798 Iam

311 829 433 864 restat
461 823 597 862 τοῦτο
632 816 877 875 Φιλόχορος
908 820 1084 876 ἱστορεῖ.
1137 827 1238 874 Quid
1272 827 1456 866 tandem?
1508 827 1622 875 Quod
1653 827 1701 865 ad
1732 839 1790 866 so-

313 894 388 931 lum
410 885 579 942 μήποτε
603 881 625 928 ὁ
649 890 864 942 Περικλῆς
887 883 1362 944 ἅντιπολιτευσάμειός
1390 894 1528 932 referri
1551 907 1627 933 non
1650 897 1791 945 potest,

312 961 379 999 sed
411 961 661 1010 neglegentia
691 961 924 999 scholiastae
955 960 1102 999 factum
1134 964 1203 1011 est,
1237 958 1490 1011 utsuprema
1511 974 1603 1012 pars
1635 966 1789 1001 senten-

312 1030 399 1073 tiae⁷
423 1040 524 1077 quae
546 1029 583 1065 in
605 1028 730 1066 altero
753 1029 901 1066 scholio
925 1031 1063 1074 exstat,
1085 1028 1147 1066 hic
1169 1029 1429 1068 omitteretur:
1459 1029 1573 1067 immo
1596 1029 1789 1078 fragmen-

313 1100 392 1134 tum
416 1096 640 1134 Philochori
670 1096 744 1133 hoc
773 1098 847 1133 est:
887 1084 909 1132 ὁ
940 1094 1148 1145 Περικλεῖ
1184 1086 1399 1143 ἀντιπολ,
1431 1086 1477 1142 ὃς
1509 1088 1682 1147 ἄριστος
1711 1092 1791 1147 μὲν

312 1185 365 1190 —
396 1160 743 1215 ἐξωστρακίσθη,
787 1165 1014 1213 praesertim
1058 1177 1143 1202 eum
1189 1165 1291 1203 unde
1330 1166 1437 1214 prior
1475 1165 1705 1203 scholiastes
1746 1177 1791 1203 ea

312 1234 483 1271 hauserit
514 1233 671 1270 omnino
703 1245 780 1270 non
812 1231 1075 1281 intellegatur.
1136 1232 1287 1270 Deinde
1319 1236 1408 1282 post
1435 1233 1657 1271 Philochori
1689 1232 1791 1281 frag-

312 1304 483 1338 mentum
506 1300 648 1338 excidit
668 1300 874 1348 seutentia,
902 1312 978 1348 qna
999 1300 1094 1338 alios
1117 1300 1341 1338 historicum
1365 1313 1388 1338 a
1410 1304 1528 1350 poeta
1550 1300 1790 1338 intellectum

312 1381 395 1406 esse
426 1368 701 1417 grammaticus
738 1367 832 1405 dicit
868 1367 1090 1415 credidisse,
1128 1380 1226 1417 quos
1263 1368 1408 1406 refutat
1445 1368 1578 1406 dicens
1611 1356 1657 1411 ὃς
1687 1355 1791 1404 οὐδὲ

312 1435 403 1473 κτλ.
465 1436 552 1473 Alia
593 1435 709 1473 huius
741 1435 877 1472 seholii
909 1434 990 1472 fere
1030 1435 1203 1483 intellegi
1235 1437 1411 1485 possunt,
1447 1447 1532 1472 eum
1571 1437 1658 1484 post
1687 1433 1791 1471 Στε-

312 1494 459 1551 φάνου
490 1503 580 1540 talis
612 1502 692 1540 fere
724 1502 944 1551 supplenda
975 1503 1023 1539 sit
1054 1503 1247 1540 sententia
1283 1503 1431 1552 „quiin
1454 1502 1613 1540 exilium
1636 1501 1790 1539 omnino

313 1584 389 1608 non
423 1571 560 1609 missus
591 1569 687 1618 est“,
726 1570 831 1619 quod
863 1570 1103 1619 persuadent
1134 1570 1253 1608 verba
1284 1571 1531 1619 insequentia
1567 1558 1589 1607 ὁ
1621 1563 1791 1619 γενόμε-

313 1650 388 1683 νος
419 1630 707 1688 ὀστρακισμὸς
738 1633 936 1687 ἐμφαίνει
967 1631 1046 1674 τοι)
1076 1634 1300 1688 Μὲλησιόυ
1337 1634 1410 1674 καὶ
1446 1627 1526 1674 τοι)
1563 1628 1789 1687 ὀστρακισ-

314 1703 452 1742 θέντα
484 1704 638 1755 (110111ρο
670 1705 922 1752 historicum),
960 1710 1001 1742 ut
1033 1704 1081 1742 de
1112 1705 1208 1746 aliis,
1240 1705 1305 1754 qui
1336 1705 1374 1742 in
1398 1705 1553 1742 exilium
1586 1716 1664 1742 non
1687 1704 1789 1742 missi

312 1776 400 1824 sint,
431 1775 587 1812 omnino
619 1786 696 1811 non
729 1774 851 1822 possit
883 1772 1092 1822 cogita1·i.⁵)

427 1853 466 1899 3)
498 1853 625 1891 Schol.
649 1853 763 1902 Vesp.
787 1855 884 1891 210:
935 1844 1178 1902 Φιλόχορος
1219 1846 1291 1889 ἐπὶ
1331 1842 1522 1902 Ἰσάρχου
1563 1847 1666 1902 φησὶ
1703 1844 1790 1902 πρὸ

423 1996 452 2038 ⁶)
483 1995 536 2029 Cf.
562 1994 786 2038 Kruegerus,
812 1995 833 2028 l.
851 2004 883 2028 a.
908 2004 942 2037 p.
960 1996 1001 2027 44
1017 2004 1096 2037 sqq.

424 2054 452 2092 7)
482 2051 581 2085 Idem
600 2048 790 2095 γνώριμος
813 2050 944 2094 legitur
963 2050 997 2083 in
1018 2048 1129 2083 schol.
1148 2049 1239 2082 Ran.
1262 2052 1320 2083 133
1347 2049 1368 2083 l.
1387 2052 1444 2082 21:
1471 2051 1583 2083 τοῦτο
1601 2047 1639 2084 δὲ
1658 2060 1790 2093 γνωρι-

311 2104 486 2151 μώτερον
512 2102 589 2150 ’ἑχθι
614 2103 681 2140 τὸν
706 2109 806 2141 νοῦν.
856 2107 1025 2141 Ceterum
1060 2105 1185 2139 eadem
1218 2104 1294 2138 fere
1327 2104 1372 2138 de
1396 2104 1612 2148 Thucydide
1643 2107 1792 2139 exstant

312 2164 346 2196 in
373 2163 434 2197 vit.
453 2162 653 2196 Marcellini
671 2162 698 2204 Ι,
717 2166 774 2196 30:
800 2160 865 2196 καὶ
892 2158 975 2196 ἐπεὶ
1000 2159 1072 2204 μὲν
1097 2156 1159 2204 ἔζη
1190 2156 1392 2205 Ἀρχέλαος,
1427 2156 1560 2200 ἄδοξος
1584 2153 1628 2203 ἦν
1653 2154 1704 2200 ὡς
1730 2155 1792 2195 ἐπὶ

313 2221 502 2258 πλεῖστον,
536 2214 586 2259 ὡς
618 2213 733 2259 αὐτὸς
765 2215 1010 2263 Πραξιφάνης
1041 2215 1165 2261 φησίν,
1198 2211 1361 2261 ὕστερον
1385 2214 1423 2251 δὲ
1454 2214 1654 2258 δαιμονίως
1679 2212 1791 2251 ἐθαυ-

314 2273 459 2319 μάσθη,
486 2285 578 2319 quae
604 2274 696 2309 falso
721 2275 767 2308 ad
786 2276 930 2318 poe‘tam
948 2273 1202 2317 Thucydidem
1228 2273 1342 2307 relata
1359 2282 1439 2307 esse
1458 2283 1477 2306 a
1495 2273 1696 2316 Kruegero,
1721 2273 1742 2307 l.
1760 2283 1791 2306 a.

313 2342 346 2374 1).
365 2335 417 2365 61.
443 2334 496 2375 62,
521 2335 558 2366 et
582 2330 736 2373 Rittero,
762 2331 853 2365 Mus.
872 2330 988 2364 Rhen.
1007 2330 1048 2364 N.
1068 2330 1107 2363 F.
1130 2329 1180 2363 ΙΠ
1206 2340 1239 2372 p.
1259 2332 1334 2371 331,
1360 2329 1468 2363 docet
1490 2332 1634 2372 praeter
1651 2328 1790 2363 Gilber-

313 2391 400 2429 tum,
424 2387 551 2421 Philol.
568 2386 765 2421 XXXVIII
792 2398 826 2430 p.
845 2389 907 2420 243
923 2396 1002 2429 sqq.
1027 2385 1094 2419 1100
1121 2385 1307 2419 scholium.
1357 2384 1462 2426 Quod
1488 2394 1568 2418 eum
1591 2383 1790 2419 viderimus

313 2444 472 2488 Didymo
497 2443 623 2478 deberi
655 2453 809 2487 eumque
834 2443 994 2487 Didymo
1025 2441 1214 2475 maximam
1240 2445 1380 2485 partem
1406 2441 1503 2475 vitae
1525 2441 1542 2474 I
1568 2440 1682 2475 Thuc.
1708 2451 1790 2476 esse

313 2499 540 2534 tribuendam
574 2498 650 2533 fere
683 2499 915 2533 consentiant
948 2498 1112 2532 homines
1146 2497 1262 2540 docti,
1298 2497 1386 2541 quid
1418 2496 1650 2531 verisimilius
1682 2506 1789 2540 quam

313 2555 428 2589 eidem
464 2555 587 2590 deberi
619 2557 638 2599 ξ
666 2558 810 2589 28-30
846 2554 951 2588 huius
986 2554 1097 2588 vitae!
1141 2554 1363 2596 Quamquam
1394 2552 1461 2587 1100
1487 2553 1607 2596 ipsum
1639 2553 1791 2596 negavit

314 2611 491 2650 Ritterus‚
515 2611 537 2646 1.
555 2620 586 2644 a.
611 2623 646 2655 p.
665 2614 740 2654 331,
770 2611 835 2645 sed
860 2621 977 2645 meum
1002 2620 1075 2644 non
1101 2613 1156 2644 est
1181 2609 1226 2643 de
1251 2608 1317 2643 hac
1341 2619 1379 2643 re
1403 2618 1521 2652 agere.

425 2670 452 2705 ῃ)
486 2667 540 2701 De
565 2667 672 2701 elaris
697 2667 768 2701 illis
793 2667 893 2709 viris,
918 2666 1053 2709 quibus
1079 2675 1210 2700 nomen
1236 2664 1474 2708 Thucydides
1499 2667 1584 2707 erat,
1617 2663 1663 2698 ef.
1688 2673 1789 2707 prae-

315 2727 368 2756 ter
393 2723 636 2765 Sintenisium,
661 2722 871 2765 Bcrglzium,
903 2721 1145 2756 Ribbeekium
1177 2720 1410 2763 Dunckerus,
1437 2719 1568 2754 Gesch.
1594 2719 1627 2754 d.
1654 2716 1788 2753 Altert.

316 2780 356 2814 N.
375 2779 413 2813 F.
436 2779 483 2823 II,
508 2790 541 2823 p.
562 2783 579 2813 3
595 2790 692 2823 sqq,
718 2779 764 2814 ef.
790 2790 823 2822 p.
844 2783 862 2812 5
889 2779 970 2813 adn.
992 2782 1020 2812 1.
