1815 3231
1454 172 1496 201 ⁴21

30 272 247 311 sententiae
278 272 402 321 magis
433 271 654 310 fulciendae
687 284 803 310 causa
836 272 881 310 ad
916 273 1090 322 vestigia,
1124 288 1222 323 quac
1252 277 1326 313 illis
1351 277 1442 314 locis
1468 278 1501 314 in

30 339 229 378 codicibus
263 339 480 377 Homericis
519 339 595 376 sint
636 340 785 376 relicta.
902 340 967 381 At,
1006 342 1034 378 si
1068 355 1194 379 veram
1229 344 1281 381 rei
1317 345 1502 381 ratium-n·

30 407 164 456 exigis,
197 419 244 444 ex
277 418 417 444 novem
451 406 560 456 locis,
590 406 732 455 quibus
762 406 917 445 codices
940 409 1122 445 noi-istum
1147 411 1285 458 passivi
1311 412 1505 459 exhibent,

31 473 186 512 duobus
217 472 488 512 tantummodo
522 469 547 510 δ’
580 476 658 512 723
691 477 729 511 et
761 485 786 509 κ
819 477 897 512 417
932 475 967 511 in
1008 475 1171 525 singulis
1204 478 1403 516 codicibus
1436 491 1506 527 pro

29 534 198 591 τράφεν
228 542 339 580 varia
370 542 485 579 lectio
519 532 693 591 τράφον
725 545 862 585 exstat.¹
895 542 1052 592 reliquis
1084 549 1208 581 autem
1245 546 1338 583 locis
1362 547 1506 584 soi-{nav

32 609 166 648 aoristi
213 609 357 659 passivi
398 599 559 659 (τράφη
613 608 650 646 Γ
677 612 772 658 2013
820 608 855 646 Λ
889 614 984 655 222;
1045 605 1288 662 ἐτράᾳῃιιιιν
1336 612 1373 650 Ψ
1403 613 1505 660 ⁸¹¹³}

4 670 219 728 ,ἔτραφεν
261 678 345 716 sive
385 670 554 727 τράφεν
584 675 622 715 Α
657 681 747 716 251.
781 681 876 728 266;
930 677 1091 728 ²1¹'3483
1138 680 1159 727 g
1194 684 1288 723 201)
1331 682 1503 720 codicum

32 747 201 784 omnium
234 746 295 784 vel
328 749 434 784 certe
467 746 723 795 plurimorum
756 747 985 784 testimoniis
1019 747 1307 785 confirmantur.

144 826 327 864 Aoristus
358 826 394 863 Π
431 825 548 864 activi
587 819 780 874 ἔτραφον
820 838 905 863 eum
946 827 1191 865 intransitiva
1230 828 1509 876 significatione

33 894 232 932 invenitur
261 892 301 931 B
324 892 458 940 6612);
491 893 531 931 E
549 896 648 943 5553
679 893 725 931 H
744 897 841 943 1993
877 893 914 930 ‘l’
938 897 1032 943 2793
1066 907 1089 944 γ
1113 898 1175 934 28.

145 973 271 1012 Semel
310 973 582 1012 tantummodo
622 974 659 1011 in
699 974 918 1011 recentiore
952 973 1084 1011 Iliadis
1117 974 1284 1011 carmine
1323 973 1368 1023 Ψ,
1405 973 1508 1023 quod

33 1040 106 1078 iam
140 1043 196 1078 tot
226 1040 416 1091 loquendi
449 1041 710 1089 proprietates
742 1040 925 1089 ostendit,
965 1041 1000 1078 in
1034 1053 1067 1078 v.
1090 1043 1142 1079 90
1174 1034 1283 1077 ἔνθά
1309 1052 1355 1090 με
1391 1034 1508 1089 (δι-ξά-

32 1119 164 1158 μενος
204 1103 252 1146 ἐν
283 1101 478 1158 δώμασιν
514 1101 682 1145 ἱππότα
715 1102 914 1159 Hylaea-1
944 1103 1104 1158 Ξ-’τρατμῗ
1134 1098 1169 1143 τ’
1192 1104 1406 1145 ἐνόνκι-ὀκ
1438 1106 1507 1144 καὶ

148 1250 175 1296 ¹)
207 1251 298 1285 42‘84
325 1245 406 1285 ἀλλ’
424 1245 532 1294 ὁμοῦ,
559 1245 609 1291 ὡς
628 1246 857 1295 ἐτράφημεν,
885 1246 924 1284 ἐν
944 1244 1156 1293 ὑμετέροισι
1177 1247 1322 1292 δόμοισι
1352 1250 1513 1292 vulgaris

36 1307 217 1351 scriptura
242 1311 309 1350 est,
343 1307 379 1341 in
406 1317 478 1351 qua
507 1307 785 1351 acquiescimus.
836 1306 889 1340 lta
913 1316 1042 1340 versus
1076 1306 1111 1339 in
1138 1306 1215 1340 cod.
1243 1307 1344 1340 Laur.
1364 1306 1409 1346 A,
1436 1306 1513 1350 Syr.

34 1364 110 1399 Pal.
135 1364 400 1409 nonnullisque
425 1364 505 1399 aliis
524 1364 716 1399 codicibus
742 1368 779 1398 et
803 1364 846 1397 ab
866 1362 1060 1397 Eustathio
1087 1363 1229 1406 legitur.
1279 1363 1513 1397 Recentiores

35 1426 156 1457 autem
183 1423 353 1466 editores,
379 1427 420 1457 ut
444 1423 497 1456 La
518 1421 694 1465 Roohius,
719 1421 916 1463 Nauckius‚
942 1420 1122 1455 Clu-istius
1148 1421 1367 1454 Buttmanno
1392 1417 1453 1462 (A.
1472 1419 1513 1451 (l.

34 1479 85 1514 ΙΙ2
103 1480 184 1524 308)
210 1482 411 1524 praeeunte
443 1489 463 1512 a
495 1478 662 1513 codicum
696 1478 877 1522 scriptura
911 1476 1065 1521 digressi
1099 1476 1324 1520 scripserunt
1357 1486 1398 1510 ex
1432 1485 1514 1509 eon-

34 1536 175 1571 iectura
198 1536 330 1580 partim
357 1530 437 1570 dm'
455 1529 563 1578 ὁμοῦ,
589 1530 640 1575 ὠς
656 1530 857 1579 τράφυμέν
875 1545 958 1577 περ,
985 1533 1115 1577 partim
1141 1532 1255 1566 multo
1280 1532 1396 1566 minus
1423 1531 1512 1565 bene

36 1587 88 1634 ὡς
113 1587 144 1626 ‹5'
161 1588 259 1636 ὁμοῦ
286 1588 506 1638 ἐτράφομέν
531 1603 614 1635 περ.
664 1591 872 1625 Lectionem
899 1590 1084 1624 meliorum
1112 1588 1283 1623 librorum
1311 1583 1389 1621 ἁλλ’
1408 1582 1514 1629 ὁμοῦ.

38 1644 90 1690 ὡς
108 1645 279 1694 ἐτράφην
296 1660 368 1694 περ
396 1648 659 1684 sententiarum
678 1647 859 1682 connexui
885 1646 931 1681 ob
950 1646 1169 1690 singularem
1188 1654 1370 1679 numerum
1391 1653 1514 1687 parum

36 1716 118 1741 esse
135 1710 256 1751 aptam
282 1707 334 1740 La
352 1704 490 1740 Roehio
512 1705 666 1749 aliisque
691 1705 845 1738 libenter
862 1703 1033 1738 concedo.
1083 1702 1158 1736 Hoc
1177 1712 1261 1736 vero
1280 1711 1384 1744 nege,
1410 1700 1514 1734 etiam

37 1763 230 1798 lectionem
258 1757 308 1804 ὡς
334 1759 554 1808 ἐτράφημεν
580 1761 841 1796 emendandam
867 1770 947 1794 esse
976 1762 1179 1803 propterea,
1213 1758 1309 1801 quod
1336 1757 1471 1790 vocalis
1499 1768 1512 1789 ε

37 1819 224 1864 augmenti
259 1820 295 1854 in
329 1820 444 1855 verbo
476 1815 633 1864 τρέφειν
666 1827 847 1861 nusquam
889 1816 986 1861 apud
1020 1815 1211 1849 Homerum
1249 1819 1414 1857 correpta
1451 1820 1516 1846 est.

37 1877 181 1912 Etenim
207 1876 244 1911 id
267 1875 481 1921 frequenter
513 1875 662 1910 evenire
687 1874 792 1917 solet,
825 1878 865 1907 ut
898 1872 996 1917 apud
1023 1871 1214 1905 Homerum
1249 1873 1349 1903 muta
1373 1879 1452 1903 eum
1481 1869 1516 1902 li-

38 1934 151 1978 quida
174 1934 301 1969 iuncta
325 1937 365 1967 ut
389 1945 434 1978 τρ
459 1933 568 1968 modo
593 1931 765 1973 efficiant,
800 1935 840 1964 ut
874 1929 994 1964 brevis
1020 1929 1157 1962 vocalis
1185 1926 1407 1971 praecedens
1440 1936 1517 1968 pro-

38 1992 206 2035 ducatur,
231 1990 339 2025 modo
366 1990 610 2035 quantitatem
630 1989 708 2024 eius
736 1988 913 2031 integram
932 1986 1148 2029 relinquant,
1174 1988 1283 2028 prout
1307 1981 1518 2026 compositio

38 2057 212 2083 versuum
238 2047 370 2092 poetae
398 2056 599 2091 exposcere
617 2045 774 2079 videtur.
823 2041 1069 2085 contemplati
1087 2040 1198 2084 igitur
1220 2038 1428 2073 Homerieas
1449 2035 1517 2070 for-

38 2114 115 2139 mas
140 2103 244 2139 verbi
270 2100 400 2148 τρέφω
434 2103 477 2138 ab
509 2104 705 2146 augmento
735 2099 953 2144 incipientes
988 2097 1154 2131 videmus
1186 2105 1309 2130 omnes
1343 2092 1518 2128 eiusmodi

39 2160 173 2196 formas
204 2161 240 2195 in
268 2161 479 2196 hexametro
510 2159 646 2193 nullam
672 2157 776 2192 aliam
802 2164 1005 2190 mensuram
1041 2153 1232 2187 admittere
1262 2150 1332 2184 nisi
1364 2160 1451 2192 eam,
1484 2149 1518 2182 in

40 2227 112 2262 qua
136 2221 372 2263 augmentum
392 2229 409 2252 ε
431 2220 515 2251 ante
533 2228 578 2260 τρ
597 2215 827 2259 producitur3
853 2211 1002 2246 formam
1020 2217 1136 2245 autem
1157 2204 1376 2252 ἐτράφιμιει·
1402 2205 1519 2249 poeta,

41 2275 73 2309 si
96 2274 204 2309 modo
230 2284 308 2309 eam
333 2273 508 2309 adhibere
533 2272 660 2314 voluit,
694 2270 795 2304 nullo
820 2268 890 2303 alio
916 2267 1023 2302 modo
1058 2265 1226 2310 rhythmo
1252 2262 1434 2307 dactylico
1467 2271 1518 2294 ac>

3 2331 7 2336 ”
40 2331 267 2366 commodare
293 2330 415 2375 potuit
447 2330 515 2364 nisi
542 2329 608 2371 sic,
640 2332 680 2362 ut
704 2326 856 2371 primam
882 2323 1062 2369 syllabam
1097 2325 1178 2356 ante
1208 2323 1341 2353 mutam
1377 2328 1458 2352 cum
1484 2317 1521 2350 li-

42 2387 156 2431 quida
180 2387 342 2422 iunctam
370 2386 580 2431 corriperet.

154 2456 183 2499 ²)
220 2455 312 2490 Cum
342 2456 395 2489 La
419 2453 562 2488 Rochio
594 2450 655 2495 (cf.
686 2450 741 2485 ed.
768 2449 863 2490 erit.)
894 2446 1089 2492 legendum
1124 2448 1180 2479 est
1219 2438 1460 2486 Τληπόλεμος
1491 2434 1521 2471 ‹l‘

43 2508 126 2548 ἐπεὶ
151 2506 218 2546 οὖν
245 2507 360 2557 τράφ’
380 2507 434 2546 ἐνὶ
457 2506 617 2556 μεγάρῳ
645 2503 820 2553 ἕτπήκτῳ
853 2504 1023 2539 omnibus
1048 2501 1124 2537 fere
1149 2499 1335 2535 codicibus
1360 2496 1523 2540 adstipu-

41 2568 217 2604 lantibus.
276 2569 356 2610 Quo
392 2568 468 2602 iure
510 2566 724 2610 Spitznerus
766 2567 802 2597 et
838 2559 1067 2602 Dindorfius‚
1104 2565 1320 2602 quamquam
1358 2552 1523 2587 codicum

39 2625 151 2660 lectio
174 2634 221 2660 ne
246 2624 429 2659 minimam
451 2623 596 2667 quidem
623 2619 864 2655 offensionem
890 2617 1009 2659 habet,
1036 2612 1205 2649 Barnesii
1222 2611 1311 2646 illud
1331 2606 1450 2654 τράᾳη
1473 2604 1523 2649 ἐν,

43 2682 140 2727 quod
164 2681 234 2717 iste
260 2680 408 2726 scripsit
431 2690 568 2715 memor
594 2678 753 2712 locorum
779 2676 813 2709 Γ
829 2677 888 2708 201
919 2677 954 2708 et
979 2674 1012 2706 Λ
1031 2675 1093 2706 222
1121 2666 1162 2710 ὃς
1187 2665 1311 2713 τράᾳη
1341 2662 1380 2701 ἐν
1410 2663 1524 2708 (quod

45 2738 192 2782 quidem
224 2748 321 2772 unus
338 2737 514 2772 -deterior
545 2735 662 2770 codex
697 2738 733 2768 et
765 2731 876 2766 schol.
901 2730 947 2765 ad
972 2728 1073 2764 Pind.
1094 2727 1147 2762 01.
1165 2726 1242 2767 VH,
1261 2727 1301 2758 36
1333 2721 1526 2766 praebent)

46 2797 173 2829 contra
197 2794 362 2830 codicum
389 2792 643 2829 auctoritatem
670 2787 866 2830 tenuerint,
892 2785 1026 2820 nescio.
