<?xml version="1.0" encoding="UTF-8"?>
<!DOCTYPE html PUBLIC "-//W3C//DTD XHTML 1.0 Transitional//EN"
    "http://www.w3.org/TR/xhtml1/DTD/xhtml1-transitional.dtd">
<html xmlns="http://www.w3.org/1999/xhtml" xml:lang="en" lang="en">
 <head>
  <title>
</title>
<meta http-equiv="Content-Type" content="text/html;charset=utf-8" />
  <meta name='ocr-system' content='tesseract 3.04.00' />
  <meta name='ocr-capabilities' content='ocr_page ocr_carea ocr_par ocr_line ocrx_word'/>
</head>
<body>
  <div class='ocr_page' id='page_1' title='image "./deverbisetintran00hilduoft_0207.png"; bbox 0 0 1815 3231; ppageno 0'>
   <div class='ocr_carea' id='block_1_1' title="bbox 1460 190 1536 224">
    <p class='ocr_par' dir='ltr' id='par_1_1' title="bbox 1460 190 1536 224">
     <span class='ocr_line' id='line_1_1' title="bbox 1460 190 1536 224; baseline -0.053 0"><span class='ocrx_word' id='word_1_1' title='bbox 1460 190 1536 224; x_wconf 63' lang='lat'><strong>199</strong></span> 
     </span>
    </p>
   </div>
   <div class='ocr_carea' id='block_1_2' title="bbox 58 285 1541 1225">
    <p class='ocr_par' dir='ltr' id='par_1_2' title="bbox 58 285 1541 1156">
     <span class='ocr_line' id='line_1_2' title="bbox 59 285 1541 348; baseline 0.003 -19"><span class='ocrx_word' id='word_1_2' title='bbox 59 291 347 341; x_wconf 85' lang='lat' dir='ltr'><strong>intellegendos</strong></span> <span class='ocrx_word' id='word_1_3' title='bbox 377 304 463 331; x_wconf 87' lang='lat' dir='ltr'><strong>esse</strong></span> <span class='ocrx_word' id='word_1_4' title='bbox 495 288 707 343; x_wconf 66' lang='grc' dir='ltr'><em>ἰφθίμους</em></span> <span class='ocrx_word' id='word_1_5' title='bbox 736 287 838 338; x_wconf 53' lang='grc' dir='ltr'><em>τοὺς</em></span> <span class='ocrx_word' id='word_1_6' title='bbox 867 285 1081 345; x_wconf 50' lang='grc' dir='ltr'><em>ἀγαθούς</em></span> <span class='ocrx_word' id='word_1_7' title='bbox 1115 311 1228 346; x_wconf 82' lang='lat' dir='ltr'><strong>quam</strong></span> <span class='ocrx_word' id='word_1_8' title='bbox 1253 300 1541 348; x_wconf 70' lang='lat' dir='ltr'><strong>interpretatio-</strong></span> 
     </span>
     <span class='ocr_line' id='line_1_3' title="bbox 61 359 1538 415; baseline 0.005 -19"><span class='ocrx_word' id='word_1_9' title='bbox 61 371 148 397; x_wconf 90' lang='lat' dir='ltr'><strong>nem</strong></span> <span class='ocrx_word' id='word_1_10' title='bbox 188 371 258 397; x_wconf 89' lang='grc'><strong>0111·</strong></span> <span class='ocrx_word' id='word_1_11' title='bbox 290 359 526 409; x_wconf 89' lang='lat' dir='ltr'><strong>defenderit,</strong></span> <span class='ocrx_word' id='word_1_12' title='bbox 567 361 673 398; x_wconf 85' lang='lat' dir='ltr'><strong>clare</strong></span> <span class='ocrx_word' id='word_1_13' title='bbox 706 362 832 399; x_wconf 75' lang='lat' dir='ltr'><strong>elucet</strong></span> <span class='ocrx_word' id='word_1_14' title='bbox 873 375 919 400; x_wconf 82' lang='lat' dir='ltr'><strong>ex</strong></span> <span class='ocrx_word' id='word_1_15' title='bbox 960 365 1017 412; x_wconf 87' lang='lat' dir='ltr'><strong>iis,</strong></span> <span class='ocrx_word' id='word_1_16' title='bbox 1058 378 1158 413; x_wconf 72' lang='lat' dir='ltr'><strong>qnae</strong></span> <span class='ocrx_word' id='word_1_17' title='bbox 1201 367 1463 415; x_wconf 87' lang='lat' dir='ltr'><strong>insequuntur</strong></span> <span class='ocrx_word' id='word_1_18' title='bbox 1505 368 1538 404; x_wconf 82' lang='lat' dir='ltr'><strong>in</strong></span> 
     </span>
     <span class='ocr_line' id='line_1_4' title="bbox 60 420 1538 484; baseline 0.004 -21"><span class='ocrx_word' id='word_1_19' title='bbox 60 426 224 464; x_wconf 88' lang='lat' dir='ltr'><strong>scholio:</strong></span> <span class='ocrx_word' id='word_1_20' title='bbox 267 423 309 463; x_wconf 79' lang='grc' dir='ltr'><strong>τί</strong></span> <span class='ocrx_word' id='word_1_21' title='bbox 342 420 438 477; x_wconf 79' lang='grc' dir='ltr'><em>γάρ,</em></span> <span class='ocrx_word' id='word_1_22' title='bbox 475 423 621 478; x_wconf 76' lang='grc' dir='ltr'><em>φησίν,</em></span> <span class='ocrx_word' id='word_1_23' title='bbox 659 423 864 478; x_wconf 46' lang='grc' dir='ltr'><em>ἑροῧμειῃ·</em></span> <span class='ocrx_word' id='word_1_24' title='bbox 905 426 1064 481; x_wconf 58' lang='grc' dir='ltr'><em>ἰφθίμη</em></span> <span class='ocrx_word' id='word_1_25' title='bbox 1103 425 1260 482; x_wconf 58' lang='grc' dir='ltr'><em>ἄλοχος</em></span> <span class='ocrx_word' id='word_1_26' title='bbox 1291 427 1538 484; x_wconf 36' lang='grc' dir='ltr'><strong>4Ιιοιιιήόμις.</strong></span> 
     </span>
     <span class='ocr_line' id='line_1_5' title="bbox 60 495 1540 549; baseline 0.003 -17"><span class='ocrx_word' id='word_1_27' title='bbox 60 495 201 544; x_wconf 83' lang='lat' dir='ltr'>Neque</span> <span class='ocrx_word' id='word_1_28' title='bbox 244 496 343 533; x_wconf 90' lang='lat' dir='ltr'><strong>enim</strong></span> <span class='ocrx_word' id='word_1_29' title='bbox 385 495 475 532; x_wconf 91' lang='lat' dir='ltr'><strong>mihi</strong></span> <span class='ocrx_word' id='word_1_30' title='bbox 513 495 672 534; x_wconf 88' lang='lat' dir='ltr'><strong>dubium</strong></span> <span class='ocrx_word' id='word_1_31' title='bbox 714 501 783 546; x_wconf 89' lang='lat' dir='ltr'><strong>est,</strong></span> <span class='ocrx_word' id='word_1_32' title='bbox 824 499 916 546; x_wconf 85' lang='lat' dir='ltr'><strong>quin</strong></span> <span class='ocrx_word' id='word_1_33' title='bbox 961 499 1057 536; x_wconf 71' lang='lat' dir='ltr'><strong>haec</strong></span> <span class='ocrx_word' id='word_1_34' title='bbox 1100 502 1401 549; x_wconf 79' lang='lat' dir='ltr'><strong>argumentandi</strong></span> <span class='ocrx_word' id='word_1_35' title='bbox 1444 503 1540 539; x_wconf 75' lang='lat' dir='ltr'><strong>ratio</strong></span> 
     </span>
     <span class='ocr_line' id='line_1_6' title="bbox 59 562 1539 611; baseline 0.003 -10"><span class='ocrx_word' id='word_1_36' title='bbox 59 562 158 601; x_wconf 91' lang='lat' dir='ltr'><strong>bene</strong></span> <span class='ocrx_word' id='word_1_37' title='bbox 189 563 397 602; x_wconf 86' lang='lat' dir='ltr'><strong>conveniat</strong></span> <span class='ocrx_word' id='word_1_38' title='bbox 426 563 638 601; x_wconf 90' lang='lat' dir='ltr'><strong>Zenodoto.</strong></span> <span class='ocrx_word' id='word_1_39' title='bbox 699 565 774 611; x_wconf 73' lang='lat' dir='ltr'><strong>Qui</strong></span> <span class='ocrx_word' id='word_1_40' title='bbox 797 577 881 603; x_wconf 83' lang='lat' dir='ltr'><strong>cum</strong></span> <span class='ocrx_word' id='word_1_41' title='bbox 905 566 953 603; x_wconf 73' lang='lat' dir='ltr'><strong>ad</strong></span> <span class='ocrx_word' id='word_1_42' title='bbox 977 566 1156 604; x_wconf 83' lang='lat' dir='ltr'><strong>feminam</strong></span> <span class='ocrx_word' id='word_1_43' title='bbox 1181 568 1318 606; x_wconf 70' lang='lat' dir='ltr'><strong>referri</strong></span> <span class='ocrx_word' id='word_1_44' title='bbox 1343 571 1539 608; x_wconf 83' lang='lat' dir='ltr'><strong>notionem</strong></span> 
     </span>
     <span class='ocr_line' id='line_1_7' title="bbox 60 625 1540 682; baseline 0.003 -14"><span class='ocrx_word' id='word_1_45' title='bbox 60 625 243 681; x_wconf 75' lang='grc' dir='ltr'><em>ἴφθιμος</em></span> <span class='ocrx_word' id='word_1_46' title='bbox 265 631 536 681; x_wconf 79' lang='lat' dir='ltr'><strong>intellexisset,</strong></span> <span class='ocrx_word' id='word_1_47' title='bbox 568 631 615 670; x_wconf 91' lang='lat' dir='ltr'><strong>de</strong></span> <span class='ocrx_word' id='word_1_48' title='bbox 639 633 773 682; x_wconf 79' lang='lat' dir='ltr'><strong>stirpe,</strong></span> <span class='ocrx_word' id='word_1_49' title='bbox 805 646 906 682; x_wconf 88' lang='lat' dir='ltr'><strong>quae</strong></span> <span class='ocrx_word' id='word_1_50' title='bbox 940 635 1038 672; x_wconf 85' lang='lat' dir='ltr'><strong>inest</strong></span> <span class='ocrx_word' id='word_1_51' title='bbox 1069 635 1105 672; x_wconf 89' lang='lat' dir='ltr'><strong>in</strong></span> <span class='ocrx_word' id='word_1_52' title='bbox 1130 636 1320 674; x_wconf 81' lang='lat' dir='ltr'><strong>vocabulo</strong></span> <span class='ocrx_word' id='word_1_53' title='bbox 1350 629 1412 682; x_wconf 55' lang='grc' dir='ltr'><strong>ἶφι</strong></span> <span class='ocrx_word' id='word_1_54' title='bbox 1447 639 1540 675; x_wconf 68' lang='lat' dir='ltr'><strong>satis</strong></span> 
     </span>
     <span class='ocr_line' id='line_1_8' title="bbox 60 699 1538 749; baseline 0.004 -12"><span class='ocrx_word' id='word_1_55' title='bbox 60 699 215 749; x_wconf 87' lang='lat' dir='ltr'><strong>usitato,</strong></span> <span class='ocrx_word' id='word_1_56' title='bbox 246 700 409 749; x_wconf 86' lang='lat' dir='ltr'><strong>cogitari</strong></span> <span class='ocrx_word' id='word_1_57' title='bbox 440 712 557 749; x_wconf 91' lang='lat' dir='ltr'><strong>posse</strong></span> <span class='ocrx_word' id='word_1_58' title='bbox 587 701 756 749; x_wconf 75' lang='lat' dir='ltr'><strong>negavit,</strong></span> <span class='ocrx_word' id='word_1_59' title='bbox 795 714 881 739; x_wconf 89' lang='lat' dir='ltr'><strong>cum</strong></span> <span class='ocrx_word' id='word_1_60' title='bbox 914 703 1018 740; x_wconf 88' lang='lat' dir='ltr'><strong>notio</strong></span> <span class='ocrx_word' id='word_1_61' title='bbox 1052 703 1202 741; x_wconf 85' lang='lat' dir='ltr'><strong>roboris</strong></span> <span class='ocrx_word' id='word_1_62' title='bbox 1243 717 1319 742; x_wconf 87' lang='lat' dir='ltr'><strong>non</strong></span> <span class='ocrx_word' id='word_1_63' title='bbox 1353 705 1467 742; x_wconf 82' lang='lat' dir='ltr'><strong>cadat</strong></span> <span class='ocrx_word' id='word_1_64' title='bbox 1504 707 1538 743; x_wconf 89' lang='lat' dir='ltr'><strong>in</strong></span> 
     </span>
     <span class='ocr_line' id='line_1_9' title="bbox 59 765 1541 819; baseline 0.004 -15"><span class='ocrx_word' id='word_1_65' title='bbox 59 765 253 804; x_wconf 87' lang='lat' dir='ltr'><strong>feminam.</strong></span> <span class='ocrx_word' id='word_1_66' title='bbox 314 766 426 806; x_wconf 86' lang='lat' dir='ltr'><strong>Unde</strong></span> <span class='ocrx_word' id='word_1_67' title='bbox 465 766 612 805; x_wconf 84' lang='lat' dir='ltr'><strong>factum</strong></span> <span class='ocrx_word' id='word_1_68' title='bbox 644 779 728 805; x_wconf 89' lang='lat' dir='ltr'><strong>esse</strong></span> <span class='ocrx_word' id='word_1_69' title='bbox 761 767 930 817; x_wconf 89' lang='lat' dir='ltr'><strong>videtur,</strong></span> <span class='ocrx_word' id='word_1_70' title='bbox 967 773 1008 807; x_wconf 87' lang='lat' dir='ltr'><strong>ut</strong></span> <span class='ocrx_word' id='word_1_71' title='bbox 1045 769 1196 819; x_wconf 86' lang='lat' dir='ltr'><strong>origine</strong></span> <span class='ocrx_word' id='word_1_72' title='bbox 1228 772 1334 809; x_wconf 79' lang='lat' dir='ltr'><strong>vocis</strong></span> <span class='ocrx_word' id='word_1_73' title='bbox 1366 773 1541 819; x_wconf 75' lang='lat' dir='ltr'><strong>neglecta</strong></span> 
     </span>
     <span class='ocr_line' id='line_1_10' title="bbox 58 829 1540 889; baseline 0.003 -17"><span class='ocrx_word' id='word_1_74' title='bbox 58 835 241 873; x_wconf 83' lang='lat' dir='ltr'><strong>statuerit</strong></span> <span class='ocrx_word' id='word_1_75' title='bbox 292 830 477 885; x_wconf 68' lang='grc' dir='ltr'><em>ἴφθιμος</em></span> <span class='ocrx_word' id='word_1_76' title='bbox 522 835 684 873; x_wconf 87' lang='lat' dir='ltr'><strong>verbum</strong></span> <span class='ocrx_word' id='word_1_77' title='bbox 737 835 835 874; x_wconf 89' lang='lat' dir='ltr'><strong>idem</strong></span> <span class='ocrx_word' id='word_1_78' title='bbox 883 836 1103 885; x_wconf 76' lang='lat' dir='ltr'><strong>significare</strong></span> <span class='ocrx_word' id='word_1_79' title='bbox 1155 842 1270 888; x_wconf 78' lang='lat' dir='ltr'><strong>atque</strong></span> <span class='ocrx_word' id='word_1_80' title='bbox 1322 829 1540 889; x_wconf 54' lang='lat' dir='ltr'><strong>‹Zysdhicstl</strong></span> 
     </span>
     <span class='ocr_line' id='line_1_11' title="bbox 63 902 1540 955; baseline 0.003 -15"><span class='ocrx_word' id='word_1_81' title='bbox 63 902 182 941; x_wconf 80' lang='lat' dir='ltr'><strong>Cuius</strong></span> <span class='ocrx_word' id='word_1_82' title='bbox 205 903 400 952; x_wconf 87' lang='lat' dir='ltr'><strong>opinionis</strong></span> <span class='ocrx_word' id='word_1_83' title='bbox 422 904 615 941; x_wconf 88' lang='lat' dir='ltr'><strong>rationem</strong></span> <span class='ocrx_word' id='word_1_84' title='bbox 648 903 820 941; x_wconf 76' lang='lat' dir='ltr'><strong>reddidit</strong></span> <span class='ocrx_word' id='word_1_85' title='bbox 850 905 887 941; x_wconf 92' lang='lat' dir='ltr'><strong>in</strong></span> <span class='ocrx_word' id='word_1_86' title='bbox 919 905 1061 954; x_wconf 84' lang='lat' dir='ltr'><strong>glossis</strong></span> <span class='ocrx_word' id='word_1_87' title='bbox 1091 918 1187 955; x_wconf 89' lang='lat' dir='ltr'><strong>eam,</strong></span> <span class='ocrx_word' id='word_1_88' title='bbox 1218 909 1258 944; x_wconf 87' lang='lat' dir='ltr'><strong>ut</strong></span> <span class='ocrx_word' id='word_1_89' title='bbox 1290 918 1443 944; x_wconf 81' lang='lat' dir='ltr'><strong>versum</strong></span> <span class='ocrx_word' id='word_1_90' title='bbox 1476 907 1540 945; x_wconf 84' lang='lat' dir='ltr'><strong>ad-</strong></span> 
     </span>
     <span class='ocr_line' id='line_1_12' title="bbox 58 970 1541 1023; baseline 0.003 -15"><span class='ocrx_word' id='word_1_91' title='bbox 58 970 264 1020; x_wconf 82' lang='lat' dir='ltr'><strong>scriberet,</strong></span> <span class='ocrx_word' id='word_1_92' title='bbox 308 980 385 1016; x_wconf 90' lang='lat' dir='ltr'><strong>quo</strong></span> <span class='ocrx_word' id='word_1_93' title='bbox 431 970 690 1009; x_wconf 89' lang='lat' dir='ltr'><strong>demonstrari</strong></span> <span class='ocrx_word' id='word_1_94' title='bbox 739 971 908 1021; x_wconf 85' lang='lat' dir='ltr'><strong>censuit,</strong></span> <span class='ocrx_word' id='word_1_95' title='bbox 953 972 1273 1020; x_wconf 80' lang='lat' dir='ltr'><strong>significationem</strong></span> <span class='ocrx_word' id='word_1_96' title='bbox 1325 974 1541 1023; x_wconf 70' lang='lat' dir='ltr'><strong>„valid11s⁸,</strong></span> 
     </span>
     <span class='ocr_line' id='line_1_13' title="bbox 59 1033 1537 1090; baseline 0.002 -14"><span class='ocrx_word' id='word_1_97' title='bbox 59 1050 175 1088; x_wconf 87' lang='lat' dir='ltr'><strong>quam</strong></span> <span class='ocrx_word' id='word_1_98' title='bbox 217 1038 254 1076; x_wconf 90' lang='lat' dir='ltr'><strong>in</strong></span> <span class='ocrx_word' id='word_1_99' title='bbox 294 1038 414 1076; x_wconf 85' lang='lat' dir='ltr'><strong>verbo</strong></span> <span class='ocrx_word' id='word_1_100' title='bbox 453 1033 635 1088; x_wconf 67' lang='grc' dir='ltr'><em>ἴφθιμος</em></span> <span class='ocrx_word' id='word_1_101' title='bbox 677 1039 804 1077; x_wconf 87' lang='lat' dir='ltr'><strong>inesse</strong></span> <span class='ocrx_word' id='word_1_102' title='bbox 845 1039 986 1089; x_wconf 88' lang='lat' dir='ltr'><strong>aliquis</strong></span> <span class='ocrx_word' id='word_1_103' title='bbox 1028 1039 1139 1078; x_wconf 86' lang='lat' dir='ltr'><strong>facilc</strong></span> <span class='ocrx_word' id='word_1_104' title='bbox 1181 1040 1401 1090; x_wconf 80' lang='lat' dir='ltr'><strong>crediderit,</strong></span> <span class='ocrx_word' id='word_1_105' title='bbox 1446 1041 1537 1080; x_wconf 85' lang='lat' dir='ltr'><strong>ferri</strong></span> 
     </span>
     <span class='ocr_line' id='line_1_14' title="bbox 59 1118 296 1156; baseline 0 -12"><span class='ocrx_word' id='word_1_106' title='bbox 59 1118 136 1144; x_wconf 90' lang='lat' dir='ltr'><strong>non</strong></span> <span class='ocrx_word' id='word_1_107' title='bbox 169 1118 296 1156; x_wconf 86' lang='lat' dir='ltr'><strong>posse.</strong></span> 
     </span>
    </p>

    <p class='ocr_par' dir='ltr' id='par_1_3' title="bbox 175 1175 1540 1225">
     <span class='ocr_line' id='line_1_15' title="bbox 175 1175 1540 1225; baseline 0.002 -13"><span class='ocrx_word' id='word_1_108' title='bbox 175 1177 237 1213; x_wconf 89' lang='lat'><strong>10.</strong></span> <span class='ocrx_word' id='word_1_109' title='bbox 282 1175 499 1224; x_wconf 83' lang='lat' dir='ltr'><strong>Pergamus</strong></span> <span class='ocrx_word' id='word_1_110' title='bbox 538 1188 642 1213; x_wconf 84' lang='lat' dir='ltr'><strong>nunc</strong></span> <span class='ocrx_word' id='word_1_111' title='bbox 682 1175 731 1212; x_wconf 91' lang='lat' dir='ltr'><strong>ad</strong></span> <span class='ocrx_word' id='word_1_112' title='bbox 770 1176 892 1214; x_wconf 89' lang='lat' dir='ltr'><strong>schol.</strong></span> <span class='ocrx_word' id='word_1_113' title='bbox 913 1176 1078 1214; x_wconf 82' lang='lat' dir='ltr'><strong>Theocr.</strong></span> <span class='ocrx_word' id='word_1_114' title='bbox 1108 1178 1139 1213; x_wconf 90' lang='lat' dir='ltr'>V</span> <span class='ocrx_word' id='word_1_115' title='bbox 1163 1181 1199 1225; x_wconf 79' lang='lat'><strong>2,</strong></span> <span class='ocrx_word' id='word_1_116' title='bbox 1238 1177 1301 1216; x_wconf 90' lang='lat' dir='ltr'><strong>ubi</strong></span> <span class='ocrx_word' id='word_1_117' title='bbox 1340 1178 1412 1215; x_wconf 89' lang='lat' dir='ltr'><strong>sub</strong></span> <span class='ocrx_word' id='word_1_118' title='bbox 1450 1179 1540 1216; x_wconf 78' lang='lat' dir='ltr'><strong>lein-</strong></span> 
     </span>
    </p>
   </div>
   <div class='ocr_carea' id='block_1_3' title="bbox 23 1231 1539 1295">
    <p class='ocr_par' dir='ltr' id='par_1_4' title="bbox 23 1231 1539 1295">
     <span class='ocr_line' id='line_1_16' title="bbox 23 1231 1539 1295; baseline 0.001 -15"><span class='ocrx_word' id='word_1_119' title='bbox 23 1231 28 1236; x_wconf 29' lang='lat'><em>*</em></span> <span class='ocrx_word' id='word_1_120' title='bbox 60 1245 162 1281; x_wconf 89' lang='lat' dir='ltr'><strong>mate</strong></span> <span class='ocrx_word' id='word_1_121' title='bbox 193 1233 330 1288; x_wconf 77' lang='grc' dir='ltr'><em>νάκος</em></span> <span class='ocrx_word' id='word_1_122' title='bbox 359 1238 465 1292; x_wconf 74' lang='grc' dir='ltr'><em>χθές</em></span> <span class='ocrx_word' id='word_1_123' title='bbox 495 1243 740 1293; x_wconf 86' lang='lat' dir='ltr'><strong>perhibetur:</strong></span> <span class='ocrx_word' id='word_1_124' title='bbox 778 1235 1029 1295; x_wconf 74' lang='grc' dir='ltr'><em>Ζηνόδοτος</em></span> <span class='ocrx_word' id='word_1_125' title='bbox 1060 1235 1111 1281; x_wconf 73' lang='grc' dir='ltr'><strong>τὸ</strong></span> <span class='ocrx_word' id='word_1_126' title='bbox 1142 1238 1320 1294; x_wconf 74' lang='grc' dir='ltr'><em>κώδιον,</em></span> <span class='ocrx_word' id='word_1_127' title='bbox 1350 1239 1408 1282; x_wconf 69' lang='grc' dir='ltr'><strong>τὸ</strong></span> <span class='ocrx_word' id='word_1_128' title='bbox 1437 1257 1539 1295; x_wconf 81' lang='grc' dir='ltr'><em>μαρ-</em></span> 
     </span>
    </p>
   </div>
   <div class='ocr_carea' id='block_1_4' title="bbox 57 1301 1541 2378">
    <p class='ocr_par' dir='ltr' id='par_1_5' title="bbox 57 1301 1541 2378">
     <span class='ocr_line' id='line_1_17' title="bbox 59 1301 1538 1363; baseline 0.001 -15"><span class='ocrx_word' id='word_1_129' title='bbox 59 1303 237 1348; x_wconf 82' lang='grc' dir='ltr'><em>σύπιον·</em></span> <span class='ocrx_word' id='word_1_130' title='bbox 271 1307 344 1348; x_wconf 88' lang='grc' dir='ltr'><em>καὶ</em></span> <span class='ocrx_word' id='word_1_131' title='bbox 368 1302 501 1357; x_wconf 75' lang='grc' dir='ltr'><em>νάκος</em></span> <span class='ocrx_word' id='word_1_132' title='bbox 531 1302 656 1363; x_wconf 80' lang='grc' dir='ltr'><em>αἰγὸς</em></span> <span class='ocrx_word' id='word_1_133' title='bbox 679 1304 817 1361; x_wconf 76' lang='grc' dir='ltr'><em>δορὰν</em></span> <span class='ocrx_word' id='word_1_134' title='bbox 848 1307 922 1348; x_wconf 79' lang='grc' dir='ltr'><em>καὶ</em></span> <span class='ocrx_word' id='word_1_135' title='bbox 943 1301 1135 1362; x_wconf 61' lang='grc' dir='ltr'><em>Ὅμηρος.</em></span> <span class='ocrx_word' id='word_1_136' title='bbox 1184 1306 1318 1358; x_wconf 77' lang='grc' dir='ltr'><em>νάκος</em></span> <span class='ocrx_word' id='word_1_137' title='bbox 1349 1304 1456 1350; x_wconf 64' lang='grc' dir='ltr'><em>ἕλετ’</em></span> <span class='ocrx_word' id='word_1_138' title='bbox 1478 1309 1538 1349; x_wconf 75' lang='grc' dir='ltr'><strong>αἰ-</strong></span> 
     </span>
     <span class='ocr_line' id='line_1_18' title="bbox 59 1367 1539 1431; baseline 0.001 -16"><span class='ocrx_word' id='word_1_139' title='bbox 59 1371 135 1428; x_wconf 83' lang='grc' dir='ltr'><strong>γὸς</strong></span> <span class='ocrx_word' id='word_1_140' title='bbox 176 1367 431 1429; x_wconf 79' lang='grc' dir='ltr'><em>ὀριτρόφου.</em></span> <span class='ocrx_word' id='word_1_141' title='bbox 494 1375 567 1416; x_wconf 81' lang='grc' dir='ltr'><em>καὶ</em></span> <span class='ocrx_word' id='word_1_142' title='bbox 609 1372 845 1429; x_wconf 76' lang='grc' dir='ltr'><em>Θεόκριτος</em></span> <span class='ocrx_word' id='word_1_143' title='bbox 885 1374 932 1416; x_wconf 76' lang='grc' dir='ltr'><strong>ὲν</strong></span> <span class='ocrx_word' id='word_1_144' title='bbox 969 1383 1061 1425; x_wconf 66' lang='grc' dir='ltr'><em>τοῖς</em></span> <span class='ocrx_word' id='word_1_145' title='bbox 1103 1375 1198 1430; x_wconf 67' lang='grc' dir='ltr'><strong>ἑξῆς</strong></span> <span class='ocrx_word' id='word_1_146' title='bbox 1237 1373 1359 1430; x_wconf 79' lang='grc' dir='ltr'><em>αἰγός</em></span> <span class='ocrx_word' id='word_1_147' title='bbox 1399 1388 1539 1431; x_wconf 59' lang='grc' dir='ltr'><em>φησιν.</em></span> 
     </span>
     <span class='ocr_line' id='line_1_19' title="bbox 59 1447 1540 1497; baseline 0 -12"><span class='ocrx_word' id='word_1_148' title='bbox 59 1448 139 1484; x_wconf 84' lang='lat' dir='ltr'><strong>lam</strong></span> <span class='ocrx_word' id='word_1_149' title='bbox 171 1447 337 1496; x_wconf 84' lang='lat' dir='ltr'><strong>primum</strong></span> <span class='ocrx_word' id='word_1_150' title='bbox 371 1460 448 1486; x_wconf 92' lang='lat' dir='ltr'><strong>non</strong></span> <span class='ocrx_word' id='word_1_151' title='bbox 482 1447 630 1494; x_wconf 89' lang='lat' dir='ltr'><strong>dubito,</strong></span> <span class='ocrx_word' id='word_1_152' title='bbox 668 1449 763 1496; x_wconf 87' lang='lat' dir='ltr'><strong>quin</strong></span> <span class='ocrx_word' id='word_1_153' title='bbox 797 1447 985 1486; x_wconf 87' lang='lat' dir='ltr'><strong>Zenodoti</strong></span> <span class='ocrx_word' id='word_1_154' title='bbox 1018 1449 1279 1486; x_wconf 76' lang='lat' dir='ltr'><strong>testimonium</strong></span> <span class='ocrx_word' id='word_1_155' title='bbox 1312 1461 1357 1487; x_wconf 79' lang='lat' dir='ltr'><strong>ex</strong></span> <span class='ocrx_word' id='word_1_156' title='bbox 1390 1450 1540 1497; x_wconf 77' lang='lat' dir='ltr'><strong>glossis,</strong></span> 
     </span>
     <span class='ocr_line' id='line_1_20' title="bbox 59 1514 1538 1564; baseline 0.001 -12"><span class='ocrx_word' id='word_1_157' title='bbox 59 1527 157 1564; x_wconf 87' lang='lat' dir='ltr'><strong>quas</strong></span> <span class='ocrx_word' id='word_1_158' title='bbox 178 1518 405 1564; x_wconf 84' lang='lat' dir='ltr'><strong>tractamus,</strong></span> <span class='ocrx_word' id='word_1_159' title='bbox 424 1514 629 1561; x_wconf 82' lang='lat' dir='ltr'><strong>fluxerit.‘-&#39;)</strong></span> <span class='ocrx_word' id='word_1_160' title='bbox 690 1515 915 1554; x_wconf 85' lang='lat' dir='ltr'><strong>Referenda</strong></span> <span class='ocrx_word' id='word_1_161' title='bbox 937 1518 1064 1553; x_wconf 83' lang='lat' dir='ltr'><strong>autern</strong></span> <span class='ocrx_word' id='word_1_162' title='bbox 1087 1528 1170 1554; x_wconf 85' lang='lat' dir='ltr'><strong>esse</strong></span> <span class='ocrx_word' id='word_1_163' title='bbox 1199 1516 1247 1553; x_wconf 88' lang='lat' dir='ltr'><strong>ad</strong></span> <span class='ocrx_word' id='word_1_164' title='bbox 1271 1517 1374 1554; x_wconf 87' lang='lat' dir='ltr'><strong>illum</strong></span> <span class='ocrx_word' id='word_1_165' title='bbox 1397 1517 1538 1554; x_wconf 87' lang='lat' dir='ltr'><strong>librum</strong></span> 
     </span>
     <span class='ocr_line' id='line_1_21' title="bbox 57 1574 1538 1633; baseline 0.001 -13"><span class='ocrx_word' id='word_1_166' title='bbox 57 1582 154 1620; x_wconf 89' lang='lat' dir='ltr'><strong>nihil</strong></span> <span class='ocrx_word' id='word_1_167' title='bbox 191 1582 264 1620; x_wconf 88' lang='lat' dir='ltr'><strong>nisi</strong></span> <span class='ocrx_word' id='word_1_168' title='bbox 295 1582 417 1621; x_wconf 84' lang='lat' dir='ltr'><strong>verba</strong></span> <span class='ocrx_word' id='word_1_169' title='bbox 452 1575 503 1619; x_wconf 77' lang='grc' dir='ltr'><strong>τὸ</strong></span> <span class='ocrx_word' id='word_1_170' title='bbox 541 1576 721 1627; x_wconf 77' lang='grc' dir='ltr'><em>κώδιον,</em></span> <span class='ocrx_word' id='word_1_171' title='bbox 759 1574 811 1620; x_wconf 85' lang='grc' dir='ltr'><strong>τὸ</strong></span> <span class='ocrx_word' id='word_1_172' title='bbox 846 1575 1097 1633; x_wconf 76' lang='grc' dir='ltr'><em>μαρσύπιου</em></span> <span class='ocrx_word' id='word_1_173' title='bbox 1135 1583 1312 1621; x_wconf 87' lang='lat' dir='ltr'><strong>arbitror.</strong></span> <span class='ocrx_word' id='word_1_174' title='bbox 1373 1584 1471 1621; x_wconf 85' lang='lat' dir='ltr'><strong>Nam</strong></span> <span class='ocrx_word' id='word_1_175' title='bbox 1508 1585 1538 1621; x_wconf 91' lang='lat' dir='ltr'><strong>si</strong></span> 
     </span>
     <span class='ocr_line' id='line_1_22' title="bbox 61 1649 1541 1701; baseline 0.001 -13"><span class='ocrx_word' id='word_1_176' title='bbox 61 1650 240 1700; x_wconf 86' lang='lat' dir='ltr'><strong>respicis,</strong></span> <span class='ocrx_word' id='word_1_177' title='bbox 270 1662 317 1689; x_wconf 86' lang='lat' dir='ltr'><strong>ea</strong></span> <span class='ocrx_word' id='word_1_178' title='bbox 348 1663 449 1700; x_wconf 88' lang='lat' dir='ltr'><strong>quae</strong></span> <span class='ocrx_word' id='word_1_179' title='bbox 482 1663 529 1689; x_wconf 84' lang='lat' dir='ltr'><strong>ex</strong></span> <span class='ocrx_word' id='word_1_180' title='bbox 552 1650 675 1689; x_wconf 80' lang='lat' dir='ltr'><strong>iliade</strong></span> <span class='ocrx_word' id='word_1_181' title='bbox 698 1649 970 1700; x_wconf 63' lang='lat' dir='ltr'><strong>afferuntur-⁰³),</strong></span> <span class='ocrx_word' id='word_1_182' title='bbox 1001 1663 1142 1699; x_wconf 85' lang='lat' dir='ltr'><strong>magna</strong></span> <span class='ocrx_word' id='word_1_183' title='bbox 1173 1664 1257 1689; x_wconf 89' lang='grc'><strong>011111</strong></span> <span class='ocrx_word' id='word_1_184' title='bbox 1291 1652 1541 1701; x_wconf 77' lang='lat' dir='ltr'><strong>neglegentia</strong></span> 
     </span>
     <span class='ocr_line' id='line_1_23' title="bbox 59 1718 1540 1768; baseline 0 -12"><span class='ocrx_word' id='word_1_185' title='bbox 59 1719 259 1768; x_wconf 84' lang='lat' dir='ltr'><strong>exscripta</strong></span> <span class='ocrx_word' id='word_1_186' title='bbox 297 1730 399 1768; x_wconf 89' lang='lat' dir='ltr'><strong>esse,</strong></span> <span class='ocrx_word' id='word_1_187' title='bbox 442 1719 657 1758; x_wconf 88' lang='lat' dir='ltr'><strong>verisimile</strong></span> <span class='ocrx_word' id='word_1_188' title='bbox 698 1722 756 1757; x_wconf 87' lang='lat' dir='ltr'><strong>est</strong></span> <span class='ocrx_word' id='word_1_189' title='bbox 800 1719 1046 1757; x_wconf 83' lang='lat' dir='ltr'><strong>scholiastam</strong></span> <span class='ocrx_word' id='word_1_190' title='bbox 1087 1718 1218 1757; x_wconf 83' lang='lat' dir='ltr'><strong>Iliadis</strong></span> <span class='ocrx_word' id='word_1_191' title='bbox 1259 1719 1397 1768; x_wconf 89' lang='lat' dir='ltr'><strong>verba,</strong></span> <span class='ocrx_word' id='word_1_192' title='bbox 1439 1732 1540 1768; x_wconf 81' lang='lat' dir='ltr'><strong>quac</strong></span> 
     </span>
     <span class='ocr_line' id='line_1_24' title="bbox 59 1786 1540 1836; baseline 0.001 -13"><span class='ocrx_word' id='word_1_193' title='bbox 59 1786 245 1824; x_wconf 85' lang='lat' dir='ltr'><strong>memoria</strong></span> <span class='ocrx_word' id='word_1_194' title='bbox 284 1789 419 1825; x_wconf 88' lang='lat' dir='ltr'><strong>tenere</strong></span> <span class='ocrx_word' id='word_1_195' title='bbox 467 1786 540 1824; x_wconf 84' lang='lat' dir='ltr'><strong>sibi</strong></span> <span class='ocrx_word' id='word_1_196' title='bbox 580 1787 687 1825; x_wconf 86' lang='lat' dir='ltr'><strong>visus</strong></span> <span class='ocrx_word' id='word_1_197' title='bbox 726 1790 801 1830; x_wconf 79' lang='lat' dir='ltr'><strong>est,</strong></span> <span class='ocrx_word' id='word_1_198' title='bbox 851 1787 936 1825; x_wconf 91' lang='lat' dir='ltr'><strong>loco</strong></span> <span class='ocrx_word' id='word_1_199' title='bbox 978 1799 1055 1825; x_wconf 90' lang='lat' dir='ltr'><strong>non</strong></span> <span class='ocrx_word' id='word_1_200' title='bbox 1096 1787 1272 1836; x_wconf 88' lang='lat' dir='ltr'><strong>inspecto</strong></span> <span class='ocrx_word' id='word_1_201' title='bbox 1322 1787 1540 1825; x_wconf 82' lang='lat' dir='ltr'><strong>adnotasse.</strong></span> 
     </span>
     <span class='ocr_line' id='line_1_25' title="bbox 58 1844 1540 1904; baseline 0.001 -13"><span class='ocrx_word' id='word_1_202' title='bbox 58 1854 183 1891; x_wconf 87' lang='lat' dir='ltr'><strong>Porro</strong></span> <span class='ocrx_word' id='word_1_203' title='bbox 215 1853 408 1892; x_wconf 86' lang='lat' dir='ltr'><strong>concedes</strong></span> <span class='ocrx_word' id='word_1_204' title='bbox 439 1854 740 1904; x_wconf 78' lang='lat' dir='ltr'><strong>explicationem</strong></span> <span class='ocrx_word' id='word_1_205' title='bbox 772 1850 846 1891; x_wconf 74' lang='grc' dir='ltr'><em>καὶ</em></span> <span class='ocrx_word' id='word_1_206' title='bbox 878 1846 1013 1898; x_wconf 72' lang='grc' dir='ltr'><em>νάκος</em></span> <span class='ocrx_word' id='word_1_207' title='bbox 1033 1847 1156 1904; x_wconf 78' lang='grc' dir='ltr'><em>αἰγὸς</em></span> <span class='ocrx_word' id='word_1_208' title='bbox 1178 1847 1334 1904; x_wconf 73' lang='grc' dir='ltr'><em>δοριὲν·</em></span> <span class='ocrx_word' id='word_1_209' title='bbox 1357 1844 1540 1904; x_wconf 53' lang='grc' dir='ltr'><em>Ὅμηρος·</em></span> 
     </span>
     <span class='ocr_line' id='line_1_26' title="bbox 59 1910 1538 1973; baseline 0 -14"><span class='ocrx_word' id='word_1_210' title='bbox 59 1921 121 1960; x_wconf 92' lang='lat' dir='ltr'><strong>vel</strong></span> <span class='ocrx_word' id='word_1_211' title='bbox 160 1917 234 1958; x_wconf 84' lang='grc' dir='ltr'><em>καὶ</em></span> <span class='ocrx_word' id='word_1_212' title='bbox 255 1910 439 1973; x_wconf 62' lang='grc' dir='ltr'><strong>Ὅμηροςι</strong></span> <span class='ocrx_word' id='word_1_213' title='bbox 479 1923 529 1960; x_wconf 91' lang='lat' dir='ltr'><strong>ab</strong></span> <span class='ocrx_word' id='word_1_214' title='bbox 570 1922 706 1960; x_wconf 88' lang='lat' dir='ltr'><strong>eodem</strong></span> <span class='ocrx_word' id='word_1_215' title='bbox 739 1934 824 1961; x_wconf 86' lang='lat' dir='ltr'><strong>esse</strong></span> <span class='ocrx_word' id='word_1_216' title='bbox 865 1922 1094 1972; x_wconf 88' lang='lat' dir='ltr'><strong>profectam,</strong></span> <span class='ocrx_word' id='word_1_217' title='bbox 1137 1923 1202 1971; x_wconf 91' lang='lat' dir='ltr'><strong>qui</strong></span> <span class='ocrx_word' id='word_1_218' title='bbox 1244 1923 1351 1960; x_wconf 90' lang='lat' dir='ltr'><strong>illum</strong></span> <span class='ocrx_word' id='word_1_219' title='bbox 1383 1934 1538 1959; x_wconf 85' lang='lat' dir='ltr'><strong>versum</strong></span> 
     </span>
     <span class='ocr_line' id='line_1_27' title="bbox 58 1981 1538 2040; baseline -0.001 -12"><span class='ocrx_word' id='word_1_220' title='bbox 58 1990 256 2039; x_wconf 86' lang='lat' dir='ltr'><strong>apposuit,</strong></span> <span class='ocrx_word' id='word_1_221' title='bbox 286 2002 374 2028; x_wconf 91' lang='lat' dir='ltr'><strong>cum</strong></span> <span class='ocrx_word' id='word_1_222' title='bbox 396 1981 529 2035; x_wconf 85' lang='grc' dir='ltr'><em>νάκος</em></span> <span class='ocrx_word' id='word_1_223' title='bbox 549 1989 796 2034; x_wconf 79' lang='lat' dir='ltr'><strong>vocabulum,</strong></span> <span class='ocrx_word' id='word_1_224' title='bbox 827 2002 898 2039; x_wconf 92' lang='lat' dir='ltr'><strong>pro</strong></span> <span class='ocrx_word' id='word_1_225' title='bbox 920 2002 997 2038; x_wconf 90' lang='grc'><strong>(1110</strong></span> <span class='ocrx_word' id='word_1_226' title='bbox 1020 1992 1223 2039; x_wconf 83' lang='lat' dir='ltr'><strong>exspectas</strong></span> <span class='ocrx_word' id='word_1_227' title='bbox 1246 1982 1369 2040; x_wconf 76' lang='grc' dir='ltr'><em>νάκη,</em></span> <span class='ocrx_word' id='word_1_228' title='bbox 1400 1990 1538 2027; x_wconf 86' lang='lat' dir='ltr'><strong>iterum</strong></span> 
     </span>
     <span class='ocr_line' id='line_1_28' title="bbox 60 2057 1539 2107; baseline -0.001 -13"><span class='ocrx_word' id='word_1_229' title='bbox 60 2057 335 2106; x_wconf 87' lang='lat' dir='ltr'><strong>neglegentius</strong></span> <span class='ocrx_word' id='word_1_230' title='bbox 372 2058 559 2107; x_wconf 89' lang='lat' dir='ltr'><strong>scriptum</strong></span> <span class='ocrx_word' id='word_1_231' title='bbox 597 2059 724 2096; x_wconf 82' lang='lat' dir='ltr'><strong>exstet</strong></span> <span class='ocrx_word' id='word_1_232' title='bbox 765 2060 803 2095; x_wconf 91' lang='lat' dir='ltr'><strong>et</strong></span> <span class='ocrx_word' id='word_1_233' title='bbox 844 2057 1118 2106; x_wconf 85' lang='lat' dir='ltr'><strong>interpretatio</strong></span> <span class='ocrx_word' id='word_1_234' title='bbox 1155 2057 1239 2105; x_wconf 87' lang='lat' dir='ltr'><strong>ipsa</strong></span> <span class='ocrx_word' id='word_1_235' title='bbox 1280 2057 1328 2094; x_wconf 88' lang='lat' dir='ltr'><strong>ad</strong></span> <span class='ocrx_word' id='word_1_236' title='bbox 1366 2069 1539 2094; x_wconf 85' lang='lat' dir='ltr'><strong>normam</strong></span> 
     </span>
     <span class='ocr_line' id='line_1_29' title="bbox 58 2123 1540 2173; baseline -0.001 -11"><span class='ocrx_word' id='word_1_237' title='bbox 58 2124 132 2162; x_wconf 90' lang='lat' dir='ltr'><strong>loci</strong></span> <span class='ocrx_word' id='word_1_238' title='bbox 163 2125 360 2163; x_wconf 82' lang='lat' dir='ltr'><strong>HomerIci</strong></span> <span class='ocrx_word' id='word_1_239' title='bbox 391 2124 573 2163; x_wconf 83' lang='lat' dir='ltr'><strong>confecta</strong></span> <span class='ocrx_word' id='word_1_240' title='bbox 604 2125 662 2162; x_wconf 91' lang='lat' dir='ltr'><strong>sit.</strong></span> <span class='ocrx_word' id='word_1_241' title='bbox 724 2124 872 2171; x_wconf 79' lang='lat' dir='ltr'><strong>Quodsi</strong></span> <span class='ocrx_word' id='word_1_242' title='bbox 906 2136 1003 2169; x_wconf 83' lang='lat' dir='ltr'><strong>eum,</strong></span> <span class='ocrx_word' id='word_1_243' title='bbox 1035 2123 1101 2173; x_wconf 87' lang='lat' dir='ltr'><strong>qui</strong></span> <span class='ocrx_word' id='word_1_244' title='bbox 1134 2124 1207 2161; x_wconf 92' lang='lat' dir='ltr'><strong>hoc</strong></span> <span class='ocrx_word' id='word_1_245' title='bbox 1232 2124 1406 2161; x_wconf 89' lang='lat' dir='ltr'><strong>scholion</strong></span> <span class='ocrx_word' id='word_1_246' title='bbox 1440 2136 1540 2161; x_wconf 84' lang='lat' dir='ltr'><strong>com-</strong></span> 
     </span>
     <span class='ocr_line' id='line_1_30' title="bbox 59 2183 1539 2241; baseline -0.001 -11"><span class='ocrx_word' id='word_1_247' title='bbox 59 2192 202 2241; x_wconf 86' lang='lat' dir='ltr'><strong>posuit,</strong></span> <span class='ocrx_word' id='word_1_248' title='bbox 231 2204 309 2230; x_wconf 91' lang='lat' dir='ltr'><strong>non</strong></span> <span class='ocrx_word' id='word_1_249' title='bbox 341 2192 563 2230; x_wconf 80' lang='lat' dir='ltr'><strong>distinxisse</strong></span> <span class='ocrx_word' id='word_1_250' title='bbox 596 2193 698 2230; x_wconf 86' lang='lat' dir='ltr'><strong>inter</strong></span> <span class='ocrx_word' id='word_1_251' title='bbox 728 2191 873 2230; x_wconf 88' lang='lat' dir='ltr'><strong>formas</strong></span> <span class='ocrx_word' id='word_1_252' title='bbox 907 2184 1038 2235; x_wconf 75' lang='grc' dir='ltr'><em>νάκος</em></span> <span class='ocrx_word' id='word_1_253' title='bbox 1069 2194 1107 2229; x_wconf 90' lang='lat' dir='ltr'><strong>et</strong></span> <span class='ocrx_word' id='word_1_254' title='bbox 1137 2183 1250 2241; x_wconf 76' lang='grc' dir='ltr'><em>νάκη</em></span> <span class='ocrx_word' id='word_1_255' title='bbox 1282 2192 1365 2229; x_wconf 86' lang='lat' dir='ltr'><strong>iure</strong></span> <span class='ocrx_word' id='word_1_256' title='bbox 1393 2191 1539 2240; x_wconf 84' lang='lat' dir='ltr'><strong>colligi-</strong></span> 
     </span>
     <span class='ocr_line' id='line_1_31' title="bbox 60 2257 1539 2309; baseline -0.002 -11"><span class='ocrx_word' id='word_1_257' title='bbox 60 2271 159 2309; x_wconf 89' lang='lat' dir='ltr'><strong>mus,</strong></span> <span class='ocrx_word' id='word_1_258' title='bbox 188 2259 378 2298; x_wconf 86' lang='lat' dir='ltr'><strong>dubitatio</strong></span> <span class='ocrx_word' id='word_1_259' title='bbox 404 2261 579 2298; x_wconf 83' lang='lat' dir='ltr'><strong>exoritur</strong></span> <span class='ocrx_word' id='word_1_260' title='bbox 609 2262 753 2309; x_wconf 88' lang='lat' dir='ltr'><strong>utrum,</strong></span> <span class='ocrx_word' id='word_1_261' title='bbox 783 2271 884 2308; x_wconf 86' lang='lat' dir='ltr'><strong>quae</strong></span> <span class='ocrx_word' id='word_1_262' title='bbox 907 2259 954 2297; x_wconf 92' lang='lat' dir='ltr'><strong>de</strong></span> <span class='ocrx_word' id='word_1_263' title='bbox 977 2257 1178 2296; x_wconf 87' lang='lat' dir='ltr'><strong>Zenodoto</strong></span> <span class='ocrx_word' id='word_1_264' title='bbox 1206 2257 1422 2302; x_wconf 74' lang='lat' dir='ltr'><strong>tradiderit,</strong></span> <span class='ocrx_word' id='word_1_265' title='bbox 1455 2270 1539 2307; x_wconf 88' lang='lat' dir='ltr'><strong>per-</strong></span> 
     </span>
     <span class='ocr_line' id='line_1_32' title="bbox 59 2318 1540 2378; baseline -0.001 -13"><span class='ocrx_word' id='word_1_266' title='bbox 59 2327 212 2366; x_wconf 84' lang='lat' dir='ltr'><strong>tineant</strong></span> <span class='ocrx_word' id='word_1_267' title='bbox 251 2327 301 2366; x_wconf 88' lang='lat' dir='ltr'><strong>ad</strong></span> <span class='ocrx_word' id='word_1_268' title='bbox 341 2328 705 2378; x_wconf 86' lang='lat' dir='ltr'><strong>interpretationem</strong></span> <span class='ocrx_word' id='word_1_269' title='bbox 745 2327 853 2365; x_wconf 90' lang='lat' dir='ltr'><strong>vocis</strong></span> <span class='ocrx_word' id='word_1_270' title='bbox 896 2319 1032 2371; x_wconf 82' lang='grc' dir='ltr'><em>νάκος</em></span> <span class='ocrx_word' id='word_1_271' title='bbox 1071 2338 1119 2363; x_wconf 89' lang='lat' dir='ltr'><strong>an</strong></span> <span class='ocrx_word' id='word_1_272' title='bbox 1163 2318 1284 2375; x_wconf 72' lang='grc' dir='ltr'><em>νάκη.</em></span> <span class='ocrx_word' id='word_1_273' title='bbox 1347 2326 1395 2363; x_wconf 86' lang='lat' dir='ltr'><strong>Et</strong></span> <span class='ocrx_word' id='word_1_274' title='bbox 1435 2329 1540 2363; x_wconf 90' lang='lat' dir='ltr'><strong>recte</strong></span> 
     </span>
    </p>
   </div>
   <div class='ocr_carea' id='block_1_5' title="bbox 66 2405 251 2407">
    <p class='ocr_par' dir='ltr' id='par_1_6' title="bbox 66 2405 251 2407">
     <span class='ocr_line' id='line_1_33' title="bbox 66 2405 251 2407; baseline 0 0"><span class='ocrx_word' id='word_1_275' title='bbox 66 2405 251 2407; x_wconf 95' lang='lat' dir='ltr'><strong> </strong></span> 
     </span>
    </p>
   </div>
   <div class='ocr_carea' id='block_1_6' title="bbox 60 2438 1541 2873">
    <p class='ocr_par' dir='ltr' id='par_1_7' title="bbox 63 2438 1540 2535">
     <span class='ocr_line' id='line_1_34' title="bbox 69 2438 1540 2525; baseline -0.003 -44"><span class='ocrx_word' id='word_1_276' title='bbox 69 2488 78 2501; x_wconf 47' lang='lat'>³</span> <span class='ocrx_word' id='word_1_277' title='bbox 110 2489 154 2525; x_wconf 42' lang='grc' dir='ltr'><strong>θ’</strong></span> <span class='ocrx_word' id='word_1_278' title='bbox 174 2446 201 2489; x_wconf 83' lang='lat'><strong>¹)</strong></span> <span class='ocrx_word' id='word_1_279' title='bbox 233 2447 359 2491; x_wconf 90' lang='lat' dir='ltr'><strong>Apoll.</strong></span> <span class='ocrx_word' id='word_1_280' title='bbox 377 2446 488 2491; x_wconf 85' lang='lat' dir='ltr'><strong>Soph.</strong></span> <span class='ocrx_word' id='word_1_281' title='bbox 514 2457 542 2482; x_wconf 90' lang='lat' dir='ltr'><strong>s.</strong></span> <span class='ocrx_word' id='word_1_282' title='bbox 559 2457 594 2481; x_wconf 85' lang='lat' dir='ltr'><strong>v,</strong></span> <span class='ocrx_word' id='word_1_283' title='bbox 613 2444 769 2490; x_wconf 73' lang='grc' dir='ltr'><em>ἰφθίμηε</em></span> <span class='ocrx_word' id='word_1_284' title='bbox 795 2438 941 2488; x_wconf 68' lang='grc' dir='ltr'><em>ιῖγαθής</em></span> <span class='ocrx_word' id='word_1_285' title='bbox 968 2454 995 2478; x_wconf 87' lang='lat' dir='ltr'><strong>s.</strong></span> <span class='ocrx_word' id='word_1_286' title='bbox 1014 2455 1048 2478; x_wconf 78' lang='lat' dir='ltr'><strong>v,</strong></span> <span class='ocrx_word' id='word_1_287' title='bbox 1066 2441 1266 2487; x_wconf 68' lang='grc' dir='ltr'><em>ἰφθίμουςς</em></span> <span class='ocrx_word' id='word_1_288' title='bbox 1291 2442 1336 2478; x_wconf 85' lang='lat' dir='ltr'><strong>cf.</strong></span> <span class='ocrx_word' id='word_1_289' title='bbox 1360 2443 1444 2478; x_wconf 86' lang='lat' dir='ltr'><strong>Hes.</strong></span> <span class='ocrx_word' id='word_1_290' title='bbox 1464 2453 1490 2478; x_wconf 86' lang='lat' dir='ltr'><strong>S.</strong></span> <span class='ocrx_word' id='word_1_291' title='bbox 1506 2454 1540 2477; x_wconf 88' lang='lat' dir='ltr'><strong>v.</strong></span> 
     </span>
     <span class='ocr_line' id='line_1_35' title="bbox 63 2502 215 2535; baseline 0.007 -10"><span class='ocrx_word' id='word_1_292' title='bbox 63 2502 104 2535; x_wconf 83' lang='grc' dir='ltr'><strong>ιφ</strong></span> <span class='ocrx_word' id='word_1_293' title='bbox 140 2503 215 2535; x_wconf 88' lang='grc' dir='ltr'><strong><em>ιμη.</em></strong></span> 
     </span>
    </p>

    <p class='ocr_par' dir='ltr' id='par_1_8' title="bbox 60 2543 1541 2758">
     <span class='ocr_line' id='line_1_36' title="bbox 173 2543 1541 2592; baseline -0.004 -9"><span class='ocrx_word' id='word_1_294' title='bbox 173 2547 202 2592; x_wconf 83' lang='lat'><strong>²)</strong></span> <span class='ocrx_word' id='word_1_295' title='bbox 237 2547 294 2582; x_wconf 84' lang='lat' dir='ltr'><strong>Sic</strong></span> <span class='ocrx_word' id='word_1_296' title='bbox 309 2548 569 2583; x_wconf 86' lang='lat' dir='ltr'><strong>iudicaverunt</strong></span> <span class='ocrx_word' id='word_1_297' title='bbox 592 2547 733 2582; x_wconf 86' lang='lat' dir='ltr'><strong>Heffter</strong></span> <span class='ocrx_word' id='word_1_298' title='bbox 758 2557 792 2590; x_wconf 90' lang='lat' dir='ltr'><strong>p.</strong></span> <span class='ocrx_word' id='word_1_299' title='bbox 810 2549 846 2589; x_wconf 81' lang='lat'><strong>93</strong></span> <span class='ocrx_word' id='word_1_300' title='bbox 872 2546 1060 2580; x_wconf 85' lang='lat' dir='ltr'><strong>Duentzer</strong></span> <span class='ocrx_word' id='word_1_301' title='bbox 1085 2556 1118 2589; x_wconf 89' lang='lat' dir='ltr'><strong>p.</strong></span> <span class='ocrx_word' id='word_1_302' title='bbox 1139 2548 1176 2579; x_wconf 87' lang='lat'><strong>31</strong></span> <span class='ocrx_word' id='word_1_303' title='bbox 1206 2544 1268 2588; x_wconf 85' lang='lat' dir='ltr'><strong>(cf.</strong></span> <span class='ocrx_word' id='word_1_304' title='bbox 1285 2543 1447 2586; x_wconf 88' lang='lat' dir='ltr'><strong>Ahrens,</strong></span> <span class='ocrx_word' id='word_1_305' title='bbox 1472 2544 1541 2578; x_wconf 90' lang='lat' dir='ltr'><strong>Bu-</strong></span> 
     </span>
     <span class='ocr_line' id='line_1_37' title="bbox 60 2600 1541 2649; baseline -0.001 -12"><span class='ocrx_word' id='word_1_306' title='bbox 60 2603 259 2638; x_wconf 87' lang='lat' dir='ltr'><strong>colicorum</strong></span> <span class='ocrx_word' id='word_1_307' title='bbox 284 2604 414 2640; x_wconf 87' lang='lat' dir='ltr'><strong>Graec.</strong></span> <span class='ocrx_word' id='word_1_308' title='bbox 438 2605 616 2649; x_wconf 86' lang='lat' dir='ltr'><strong>reliquiae</strong></span> <span class='ocrx_word' id='word_1_309' title='bbox 642 2604 677 2637; x_wconf 92' lang='lat' dir='ltr'><strong>II</strong></span> <span class='ocrx_word' id='word_1_310' title='bbox 702 2601 816 2647; x_wconf 84' lang='lat' dir='ltr'><strong>praef.</strong></span> <span class='ocrx_word' id='word_1_311' title='bbox 842 2613 876 2646; x_wconf 90' lang='lat' dir='ltr'><strong>p.</strong></span> <span class='ocrx_word' id='word_1_312' title='bbox 900 2601 1054 2645; x_wconf 82' lang='lat' dir='ltr'>XLIV);</span> <span class='ocrx_word' id='word_1_313' title='bbox 1090 2601 1192 2636; x_wconf 86' lang='lat' dir='ltr'><strong>Wolf</strong></span> <span class='ocrx_word' id='word_1_314' title='bbox 1219 2612 1252 2644; x_wconf 89' lang='lat' dir='ltr'><strong>p.</strong></span> <span class='ocrx_word' id='word_1_315' title='bbox 1277 2604 1339 2635; x_wconf 81' lang='lat'><strong>215</strong></span> <span class='ocrx_word' id='word_1_316' title='bbox 1371 2600 1453 2634; x_wconf 84' lang='lat' dir='ltr'><strong>adn.</strong></span> <span class='ocrx_word' id='word_1_317' title='bbox 1480 2604 1541 2643; x_wconf 73' lang='lat'><strong>843</strong></span> 
     </span>
     <span class='ocr_line' id='line_1_38' title="bbox 60 2656 1541 2704; baseline -0.003 -11"><span class='ocrx_word' id='word_1_318' title='bbox 60 2658 293 2694; x_wconf 83' lang='lat' dir='ltr'><strong>Graefenhan</strong></span> <span class='ocrx_word' id='word_1_319' title='bbox 324 2660 342 2694; x_wconf 93' lang='lat' dir='ltr'>I</span> <span class='ocrx_word' id='word_1_320' title='bbox 374 2671 409 2704; x_wconf 89' lang='lat' dir='ltr'><strong>p.</strong></span> <span class='ocrx_word' id='word_1_321' title='bbox 435 2663 500 2695; x_wconf 87' lang='lat'><strong>534</strong></span> <span class='ocrx_word' id='word_1_322' title='bbox 531 2661 615 2694; x_wconf 86' lang='lat' dir='ltr'><strong>adn.</strong></span> <span class='ocrx_word' id='word_1_323' title='bbox 641 2663 703 2700; x_wconf 83' lang='lat'><strong>35;</strong></span> <span class='ocrx_word' id='word_1_324' title='bbox 745 2659 923 2702; x_wconf 84' lang='lat' dir='ltr'><strong>Pluygers</strong></span> <span class='ocrx_word' id='word_1_325' title='bbox 954 2668 988 2701; x_wconf 89' lang='lat' dir='ltr'><strong>p.</strong></span> <span class='ocrx_word' id='word_1_326' title='bbox 1015 2661 1053 2700; x_wconf 71' lang='lat'><strong>93</strong></span> <span class='ocrx_word' id='word_1_327' title='bbox 1097 2656 1300 2697; x_wconf 89' lang='lat' dir='ltr'><strong>Fritzsche‚</strong></span> <span class='ocrx_word' id='word_1_328' title='bbox 1334 2656 1387 2690; x_wconf 88' lang='lat' dir='ltr'><strong>De</strong></span> <span class='ocrx_word' id='word_1_329' title='bbox 1422 2657 1541 2699; x_wconf 70' lang='lat' dir='ltr'><strong>po&#39;e&#39;tis</strong></span> 
     </span>
     <span class='ocr_line' id='line_1_39' title="bbox 61 2713 1347 2758; baseline -0.003 -9"><span class='ocrx_word' id='word_1_330' title='bbox 61 2715 190 2750; x_wconf 83' lang='lat' dir='ltr'><strong>Graec.</strong></span> <span class='ocrx_word' id='word_1_331' title='bbox 216 2716 349 2758; x_wconf 67' lang='lat' dir='ltr'><strong>bucol„</strong></span> <span class='ocrx_word' id='word_1_332' title='bbox 373 2716 473 2751; x_wconf 90' lang='lat' dir='ltr'><strong>Diss.</strong></span> <span class='ocrx_word' id='word_1_333' title='bbox 498 2716 591 2751; x_wconf 87' lang='lat' dir='ltr'><strong>Giss.</strong></span> <span class='ocrx_word' id='word_1_334' title='bbox 621 2718 717 2757; x_wconf 76' lang='lat'><strong>1844,</strong></span> <span class='ocrx_word' id='word_1_335' title='bbox 742 2726 776 2758; x_wconf 88' lang='lat' dir='ltr'><strong>p.</strong></span> <span class='ocrx_word' id='word_1_336' title='bbox 794 2716 852 2757; x_wconf 77' lang='lat'><strong>363</strong></span> <span class='ocrx_word' id='word_1_337' title='bbox 883 2713 1084 2748; x_wconf 88' lang='lat' dir='ltr'><strong>Schneider</strong></span> <span class='ocrx_word' id='word_1_338' title='bbox 1109 2714 1130 2746; x_wconf 95' lang='lat' dir='ltr'><strong>l.</strong></span> <span class='ocrx_word' id='word_1_339' title='bbox 1148 2724 1176 2747; x_wconf 89' lang='grc'><strong>0.</strong></span> <span class='ocrx_word' id='word_1_340' title='bbox 1201 2723 1254 2746; x_wconf 90' lang='lat' dir='ltr'><strong>nr.</strong></span> <span class='ocrx_word' id='word_1_341' title='bbox 1272 2715 1347 2746; x_wconf 77' lang='lat'><strong>219.</strong></span> 
     </span>
    </p>

    <p class='ocr_par' dir='ltr' id='par_1_9' title="bbox 64 2765 1541 2873">
     <span class='ocr_line' id='line_1_40' title="bbox 152 2765 1541 2815; baseline -0.003 -9"><span class='ocrx_word' id='word_1_342' title='bbox 152 2773 181 2815; x_wconf 84' lang='lat'><strong>³)</strong></span> <span class='ocrx_word' id='word_1_343' title='bbox 214 2770 268 2807; x_wconf 83' lang='lat' dir='ltr'><strong>Cf.</strong></span> <span class='ocrx_word' id='word_1_344' title='bbox 287 2772 328 2807; x_wconf 88' lang='lat' dir='ltr'><strong>Il.</strong></span> <span class='ocrx_word' id='word_1_345' title='bbox 345 2774 366 2812; x_wconf 78' lang='grc' dir='ltr'><em>ξ</em></span> <span class='ocrx_word' id='word_1_346' title='bbox 382 2775 464 2807; x_wconf 88' lang='lat'>530:</span> <span class='ocrx_word' id='word_1_347' title='bbox 490 2768 536 2807; x_wconf 79' lang='grc' dir='ltr'><strong>ἂν</strong></span> <span class='ocrx_word' id='word_1_348' title='bbox 553 2771 591 2808; x_wconf 77' lang='grc' dir='ltr'><strong>δὲ</strong></span> <span class='ocrx_word' id='word_1_349' title='bbox 610 2769 728 2815; x_wconf 74' lang='grc' dir='ltr'><em>νάκην</em></span> <span class='ocrx_word' id='word_1_350' title='bbox 747 2765 843 2805; x_wconf 69' lang='grc' dir='ltr'><em>ἕλετ’</em></span> <span class='ocrx_word' id='word_1_351' title='bbox 858 2766 966 2814; x_wconf 79' lang='grc' dir='ltr'><em>αἰγὸς</em></span> <span class='ocrx_word' id='word_1_352' title='bbox 985 2765 1192 2814; x_wconf 74' lang='grc' dir='ltr'><em>ἐϋτρεφέος</em></span> <span class='ocrx_word' id='word_1_353' title='bbox 1210 2773 1245 2802; x_wconf 89' lang='lat' dir='ltr'><strong>et</strong></span> <span class='ocrx_word' id='word_1_354' title='bbox 1263 2767 1376 2802; x_wconf 87' lang='lat' dir='ltr'><strong>schol.</strong></span> <span class='ocrx_word' id='word_1_355' title='bbox 1390 2768 1541 2802; x_wconf 79' lang='lat' dir='ltr'><strong>Theocr.</strong></span> 
     </span>
     <span class='ocr_line' id='line_1_41' title="bbox 64 2821 672 2873; baseline -0.002 -11"><span class='ocrx_word' id='word_1_356' title='bbox 64 2823 176 2868; x_wconf 73' lang='grc' dir='ltr'><em>νάκος</em></span> <span class='ocrx_word' id='word_1_357' title='bbox 202 2822 297 2862; x_wconf 69' lang='grc' dir='ltr'><strong><em>ἕλετ’</em></strong></span> <span class='ocrx_word' id='word_1_358' title='bbox 316 2822 424 2872; x_wconf 65' lang='grc' dir='ltr'><em>αἰγός</em></span> <span class='ocrx_word' id='word_1_359' title='bbox 450 2821 672 2873; x_wconf 61' lang='grc' dir='ltr'><strong>(ἶριτρόφοικ</strong></span> 
     </span>
    </p>
   </div>
  </div>
 </body>
</html>
