1830 3201
299 196 377 236 252²

296 323 333 359 p.
357 308 465 354 790).
514 298 827 358 Ἀριστοφάνης
864 298 1119 359 Τριφάλητι·
1152 301 1239 358 ἐγώ
1268 298 1349 359 γὰρ
1381 298 1467 346 ἀπὸ
1493 306 1773 360 Θηραμένους

297 372 470 414 δέδοικα
492 369 545 412 τὰ
566 371 665 424 τρία
684 372 811 413 ταυτί
842 375 907 422 (cf.
930 376 1149 414 Meinekius
1171 375 1242 425 frg.
1266 377 1314 426 II,
1334 380 1450 423 1165,
1473 379 1497 416 8
1520 392 1572 408 =
1593 377 1771 417 Kockius

294 445 312 482 Ι
343 458 379 494 p.
402 442 510 490 531).
570 444 601 481 E
630 443 805 492 Polyzeli
835 443 966 481 fabula
996 444 1114 493 igitur
1142 447 1273 482 natam
1301 456 1387 483 esse
1413 445 1514 484 hanc
1536 446 1771 485 scholiastae

295 512 556 550 narrationem
594 511 684 549 licet
721 511 966 550 concludere.
1025 512 1130 550 Idem
1168 511 1217 550 de
1253 513 1461 562 postremis
1491 513 1621 552 verbis
1655 514 1772 564 valet,

293 592 394 628 quae
423 580 497 617 iam
521 579 643 627 magis
675 579 812 616 comici
833 578 1001 617 alicuius
1022 579 1221 628 ingenium
1253 580 1424 629 sapiunt,
1455 580 1518 630 qui
1552 579 1766 619 identidem

293 647 469 685 homines
508 649 550 684 ut
584 646 813 695 peregrinos
850 649 888 685 et
926 658 998 696 per
1028 646 1205 685 fraudem
1246 648 1395 686 civibus
1426 648 1644 697 adscriptos
1681 661 1770 698 per-

292 715 489 762 stringunt
521 713 585 760 (cf.
606 714 726 752 schol.
749 714 845 751 Ach.
865 717 926 752 11.
950 717 1047 759 642;
1079 715 1176 752 Ran.
1200 717 1291 754 679.
1316 717 1407 754 709.
1431 715 1565 762 1514).
1620 717 1770 755 Hausta

292 794 376 820 esse
398 782 517 819 verba
539 793 587 819 ex
609 781 816 830 Eupolidis
839 781 1011 820 Urbibus
1043 781 1158 820 docet
1184 782 1305 821 schol.
1327 784 1423 821 Rau.
1445 785 1526 822 970
1556 783 1580 820 l.
1603 786 1652 822 27
1667 795 1768 833 sqq:

292 845 577 900 (Θηραμένης)
610 845 733 886 δοκεῖ
761 842 1128 899 προσγεγράφθαι
1159 847 1211 898 τῇ
1233 846 1437 902 πολιτείᾳ
1457 840 1669 900 Ἅγνωνος
1698 841 1770 888 αὖ·

291 910 371 953 τὸν
402 909 701 967 ποιησάμενου
737 907 795 961 ὥς
823 907 1020 961 Εὔπολις
1055 910 1244 954 Πόλεσιν
1281 916 1345 963 (cf.
1372 918 1590 956 Meinekius
1620 918 1694 968 frg.
1722 919 1759 957 II

291 987 383 1034 516,
407 987 455 1023 19
478 1001 531 1013 Ξ
552 983 731 1022 Kockius
753 985 780 1030 I,
803 981 911 1031 322).
943 976 945 978 V

402 1052 478 1090 Sed
517 1053 612 1090 11300
649 1053 857 1090 hactenus:
903 1053 977 1090 iam
1010 1052 1119 1090 vides
1157 1064 1234 1090 non
1272 1053 1439 1091 alienum
1477 1065 1562 1091 esse
1600 1066 1621 1090 a
1657 1053 1768 1092 scho-

290 1120 409 1157 liastis
446 1122 484 1157 et
522 1132 570 1157 ne
606 1132 628 1157 a
664 1119 834 1169 Didymo
874 1119 1030 1169 quidem
1068 1120 1106 1157 in
1145 1119 1356 1158 comoediis
1394 1132 1494 1169 quae
1530 1121 1768 1160 invenerunt

289 1199 374 1225 cum
406 1187 508 1224 bona
539 1186 614 1224 fide
644 1200 716 1236 pro
747 1188 852 1225 ver1s
883 1187 1067 1225 vendere.

400 1255 460 1292 Ad
493 1255 658 1293 eundem
691 1258 820 1293 autem
854 1255 1001 1293 fontem
1040 1256 1212 1305 pertinet
1242 1257 1366 1293 totum
1398 1267 1523 1304 genus
1555 1258 1597 1293 ut
1628 1256 1680 1294 ita
1711 1256 1765 1294 di-

289 1335 371 1360 cam
395 1323 647 1361 scholiorum.
707 1324 927 1362 Sescenties
950 1322 1051 1361 enim
1073 1323 1372 1372 Aristophanes,
1401 1325 1444 1361 ut
1466 1326 1609 1361 natura
1630 1324 1766 1362 comici

288 1391 373 1436 fert,
410 1391 596 1440 aequales
627 1390 775 1440 irridet,
812 1392 879 1440 qui
917 1403 1003 1429 cum
1041 1392 1078 1429 in
1110 1391 1311 1440 republica
1340 1391 1516 1441 gerenda
1552 1395 1620 1429 aut
1649 1391 1766 1430 rebus

287 1458 431 1496 bellicis
463 1471 540 1496 non
574 1458 826 1507 excellerent,
856 1470 985 1507 neque
1013 1458 1061 1496 ab
1083 1458 1268 1496 historico
1301 1458 1409 1507 digni
1433 1458 1552 1496 11311111
1576 1462 1667 1496 sunt
1698 1459 1764 1508 qui

287 1529 686 1564 commemorarentur
717 1529 755 1564 et
786 1527 941 1564 omnino
971 1527 1036 1575 qui
1061 1526 1225 1564 fuissent
1247 1526 1339 1563 solis
1361 1526 1637 1575 Aristophanis
1659 1539 1764 1564 men-

286 1594 456 1631 tionibus
488 1593 671 1642 cognosci
703 1597 846 1643 posset,
877 1593 949 1632 nisi
978 1594 1170 1643 permulta
1198 1597 1399 1632 exstarent
1418 1594 1455 1631 in
1478 1594 1632 1632 scholiis
1661 1606 1763 1643 quae

284 1661 444 1699 aliunde
495 1665 650 1711 sumpta
705 1661 754 1698 ad
805 1674 872 1700 eos
921 1659 1230 1711 pertine1·ent.¹¹)
1310 1662 1389 1699 Iam
1438 1662 1630 1710 permirus
1680 1664 1764 1700 erat

285 1728 546 1776 Stoeekeriffl)
593 1742 702 1767 error
756 1742 801 1767 ea
854 1742 959 1779 quae.
1003 1729 1051 1768 de
1095 1730 1155 1767 his
1199 1729 1420 1767 hominibus
1472 1730 1648 1767 obscuris
1700 1741 1763 1768 ex-

283 1799 437 1835 starent
468 1798 540 1834 rati
571 1798 644 1834 iam
676 1801 816 1847 poetae
847 1798 969 1847 ipsius
1000 1798 1244 1847 temporibus
1276 1797 1442 1846 singulis
1473 1796 1762 1835 comoediarum

284 1865 379 1902 locis
409 1864 544 1902 addita
575 1877 670 1903 esse.
732 1866 885 1903 Utinam
924 1877 986 1903 res
1028 1865 1084 1903 sic
1121 1877 1162 1903 se
1193 1865 1372 1902 haberet!
1429 1864 1610 1903 Profecto
1645 1865 1761 1903 aliam

284 1933 517 1971 haberemus
539 1934 800 1982 cognitIOnem
830 1938 969 1983 poetae
990 1934 1213 1983 aequalium
1242 1936 1361 1982 atque
1385 1945 1428 1970 ea
1451 1936 1518 1978 est,
1550 1945 1627 1982 qua
1658 1946 1761 1971 nunc

283 2012 414 2038 sumus
446 2000 592 2038 imbuti.
652 2000 804 2038 Etenim
844 2013 956 2050 quam
997 2000 1095 2038 falsa
1131 2001 1182 2038 sit
1217 1999 1420 2038 Stoeckeri
1457 2001 1600 2049 opinio,
1635 2001 1759 2049 primo

282 2070 443 2116 aspectu
475 2069 506 2105 is
536 2068 748 2117 intelleget,
780 2069 846 2117 qui
877 2081 1003 2117 pauca
1029 2068 1252 2106 huiusmodi
1274 2067 1422 2106 scholia
1451 2068 1675 2118 perlegerit,
1706 2071 1761 2118 ut,

282 2135 320 2172 id
358 2135 463 2184 quod
496 2134 769 2182 Olausenusffi)
802 2136 1066 2185 disputatione
1104 2136 1176 2174 hac
1213 2136 1251 2174 in
1283 2148 1325 2173 re
1363 2136 1457 2173 satis
1487 2138 1676 2174 accurata
1712 2136 1759 2174 de

283 2202 439 2240 scholiis
461 2203 498 2240 in
521 2203 626 2241 Aves
648 2202 761 2241 factis
793 2204 899 2253 dixit,
931 2203 980 2241 ad
1012 2204 1140 2241 omnia
1170 2202 1264 2240 talia
1294 2202 1441 2240 scholia
1468 2203 1757 2253 Aristophanea

395 2312 437 2353 ¹¹)
470 2311 639 2345 Ceterum
669 2311 798 2344 addam
831 2309 927 2344 hunc
952 2311 1050 2344 illum
1082 2309 1207 2344 horum
1233 2308 1416 2343 hominum
1447 2309 1631 2344 historicis
1656 2309 1757 2353 igno-

281 2369 397 2398 torum
422 2366 541 2400 titulis
573 2366 793 2400 nominatum
827 2365 1011 2409 perhiberi
1042 2361 1374 2409 111,,γραμματεί>ς
1399 2367 1466 2399 τοῦ
1492 2361 1644 2409 δήμουῑὲ,
1677 2365 1756 2400 sive

282 2424 405 2454 votum
431 2421 634 2455 solventem
668 2422 747 2455 sive
773 2422 843 2455 alia
868 2422 947 2456 vice
973 2420 1195 2465 fungentem,
1227 2430 1318 2464 quas
1343 2431 1412 2463 res,
1447 2431 1526 2454 cum
1553 2421 1598 2455 ad
1624 2421 1758 2455 scholia

280 2477 529 2520 intellegenda
554 2476 642 2510 nihil
668 2478 832 2521 afferant,
858 2476 914 2511 hic
940 2478 1048 2511 nolim
1075 2477 1219 2520 planius
1244 2480 1410 2511 tractare.

394 2534 437 2573 12)
471 2531 525 2567 Cf.
556 2534 610 2567 De
635 2533 744 2576 Soph.
775 2538 811 2567 et
835 2531 992 2568 Aristot.
1023 2533 1229 2576 interprett.
1253 2542 1382 2575 graec,
1420 2534 1544 2577 Progr.
1570 2533 1755 2567 Hammon.

286 2592 366 2622 1826
392 2599 474 2632 pag.
493 2592 522 2623 2.
572 2590 739 2623 Ceterum
765 2590 828 2633 qui
853 2590 897 2624 de
923 2589 1129 2623 hominibus
1154 2598 1175 2622 a
1200 2589 1310 2632 poe'ta
1334 2589 1450 2623 irrisis
1475 2594 1645 2633 egerunt:
1670 2589 1754 2624 Hal-

282 2644 439 2678 bertsma
464 2646 485 2678 1.
503 2656 551 2687 3.;
576 2645 781 2689 111οᾕ101113,
807 2646 861 2680 De
883 2645 1199 2690 prosopographia
1216 2645 1344 2688 Arist.‚
1369 2646 1493 2688 Progr.
1511 2645 1752 2689 Rastenburg.

282 2703 375 2734 1564.
407 2704 501 2744 1867,
534 2705 570 2735 01
594 2701 898 2745 Meseritz.18713
933 2702 1193 2744 Harwardtius,
1226 2701 1281 2735 De
1305 2701 1490 2745 Aristoph.
1515 2701 1753 2746 irrisionibus,

278 2756 418 2799 1’.·.11-1.Ι,
443 2757 679 2801 Konigsberg
699 2760 794 2801 1883,
821 2758 912 2793 hanc
937 2758 1184 2803 quaestionem
1211 2768 1282 2792 non
1308 2758 1521 2802 attigerunt.

392 2813 432 2857 13)
466 2812 521 2848 Cf.
547 2814 569 2848 l.
587 2824 617 2848 a.
644 2813 662 2857 ξ
682 2817 700 2847 5
726 2825 760 2858 p.
780 2818 820 2849 30
835 2824 913 2858 sqq.
