1815 3231
1412 185 1491 219 359

18 298 153 344 postea
193 295 422 333 videbimus.
491 296 790 344 Aristophanem
833 299 960 333 autem
1003 296 1161 334 finxisse
1202 308 1339 332 nomen
1382 294 1496 332 docet

13 363 233 408 Ricliterus,
276 363 392 401 Arist.
427 365 539 413 Vcsp.
610 363 812 401 Habemus
853 363 972 412 igitur
1013 364 1067 401 rei
1110 363 1297 413 optimum
1337 362 1494 410 fontem,

13 430 235 479 catalogum
267 430 462 479 quendam
495 430 858 480 Olympionicarum.

126 501 165 537 3)
210 498 337 536 Scliol.
360 498 433 536 Av.
457 500 549 547 283,
581 498 643 536 ubi
676 510 760 536 cum
794 498 902 547 prius
924 498 1113 536 scholium
1146 512 1165 536 e
1187 494 1272 537 sola'
1293 497 1496 536 comoedia

12 565 191 603 haustum
225 566 286 615 sit,
317 566 498 613 alterum,
529 565 632 615 quod
667 565 774 604 initio
808 578 892 603 cum
926 567 1058 616 priore
1089 567 1339 604 coniunctum
1372 565 1495 603 fuisse

12 633 222 671 verisimile
255 637 324 679 est,
363 633 480 671 habet
511 634 624 671 haec:
669 629 839 683 λέγεται
870 626 1230 682 καταψεύδεσθαι
1266 630 1357 670 τῶν
1387 622 1497 670 ὑπο-

10 690 253 751 μνημάτων
285 695 484 750 (suppleto
518 705 559 738 ut
590 705 694 739 recte
727 700 824 738 vidit
855 698 1157 749 Schneiderusss)
1190 691 1288 738 τινά
1326 702 1407 738 sive
1437 699 1496 747 τι)

13 759 82 805 ὅτι
115 761 156 804 οἱ
180 759 429 805 (Ιππόιίκοι
466 764 535 804 καὶ
577 762 617 805 οἱ
650 763 833 805 Kallion
871 760 1051 805 ἄνωθεν
1088 763 1136 805 ἐκ
1168 764 1371 818 διαδοχῆς
1408 758 1496 805 ἀπὸ

14 831 215 887 διαδοχῆς
257 826 344 872 ἀπὸ
381 831 588 886 πατέρων
629 830 699 872 ἐπὶ
729 831 889 880 παῖδας
926 828 1216 886 καθήκουσιν.
1269 826 1377 885 ὅπερ
1409 830 1495 873 ἐστὶ

13 899 187 952 ψεῦδος.
240 891 263 938 ‹‘›
294 901 475 951 πρῶτος
506 900 615 951 γοῦν
647 898 840 947 Καλλίας
876 900 1133 940 Φαινίππου
1167 894 1337 953 πατρὸς
1369 898 1498 949 ἐστιν,

15 962 38 1007 ὁ
74 962 313 1020 νενικηκώς
344 963 468 1020 ἵππῳ
496 963 577 1021 τὴν
608 963 670 1006 νδ’
694 960 956 1019 ὀλυμπιάδα.
1018 971 1076 1007 De
1100 971 1419 1019 interpretatione
1451 970 1500 1018 of,

15 1037 204 1078 Koekius.
264 1038 463 1076 Scholium
495 1039 620 1086 ipsum
656 1051 731 1076 non
764 1037 817 1075 ita
844 1037 956 1075 facile
988 1043 1046 1076 est
1077 1038 1291 1087 intellectu,
1322 1038 1360 1075 id
1393 1038 1498 1087 quod

13 1106 202 1156 probatur
224 1104 321 1142 falsa
342 1105 564 1149 Palmerii4)
588 1105 792 1154 sententia,
823 1106 889 1155 qui
918 1105 1165 1144 sclioliastam
1194 1110 1347 1154 poetam
1371 1106 1499 1154 ipsum

14 1177 125 1224 putat
156 1184 355 1210 accusare.
416 1171 530 1219 Quod
564 1174 669 1210 certe
691 1173 766 1221 via,
799 1175 840 1209 ut
861 1172 914 1209 ita
935 1171 1074 1220 dieam,
1106 1171 1254 1210 directa
1287 1186 1362 1210 non
1395 1172 1500 1210 facit.

13 1242 154 1291 Neque
176 1240 276 1278 enim
309 1243 445 1278 contra
472 1244 638 1289 poetam,
670 1240 736 1278 sed
770 1244 906 1278 eontra
937 1233 993 1276 τὰ
1013 1230 1304 1289 ὑπομνήματα
1337 1252 1377 1278 se
1409 1252 1499 1278 eon-

15 1309 130 1347 vertit
162 1307 369 1356 Didymus,
411 1311 452 1345 ut
483 1307 564 1345 fere
600 1309 773 1357 genuina
804 1308 943 1345 scholii
976 1307 1100 1345 forma
1136 1307 1271 1345 suerit:
1312 1302 1359 1344 ἐν
1392 1296 1498 1344 ὑπο-

12 1367 203 1427 μνήμασί
233 1376 388 1421 mamb)
422 1365 490 1412 ὅτι
512 1364 819 1413 οὶἾππόνικοι
851 1374 946 1412 κτλ.
991 1366 1101 1425 ὅπερ
1130 1369 1214 1412 ἐστὶ
1247 1371 1422 1423 ψεῦδος.
1475 1365 1497 1412 ὃ

12 1443 190 1494 πρῶτος
222 1441 332 1493 γοῦν
362 1441 456 1480 κτλ.
510 1444 659 1481 Deinde
691 1444 820 1481 verbis
853 1433 961 1493 ὅπερ
994 1438 1024 1480 ἐ.
1054 1450 1097 1491 ψ.
1132 1443 1298 1481 servatis
1336 1455 1498 1493 praepo-

14 1514 128 1551 situm
151 1516 226 1549 est:
257 1507 427 1561 λέγεται
459 1510 615 1560 (nempe
637 1524 659 1548 a
681 1510 866 1560 Didymo)
898 1504 1257 1561 καταψεύδεσθαι
1278 1509 1371 1548 τῶν
1396 1502 1499 1549 ὕπο·

13 1569 255 1630 μνημάτων
288 1571 404 1615 τινά·
439 1568 506 1615 ὅτι
537 1576 630 1615 κτλ.
685 1579 763 1616 Iam
797 1578 902 1628 quod
925 1579 973 1616 ad
997 1591 1077 1616 rem
1100 1579 1239 1617 attinet
1270 1578 1416 1616 Herod„
1441 1579 1506 1628 Vl,

18 1651 107 1697 121,
145 1647 205 1685 ubi
239 1646 329 1684 vide
366 1647 404 1684 in
442 1645 578 1684 Steinii
616 1645 788 1685 editione
826 1647 972 1684 maiore
1010 1647 1169 1695 stirpem
1210 1646 1324 1684 huius
1361 1647 1502 1705 gentis,

16 1719 169 1755 constat
200 1714 360 1754 Calliam
399 1726 537 1752 revera
568 1714 690 1752 fuisse
721 1714 941 1764 Phaenippi
972 1714 1091 1751 filium
1130 1726 1260 1763 neque
1291 1715 1500 1763 quicquam

16 1785 170 1823 obstare
203 1783 296 1832 quin
319 1794 406 1819 eum
430 1782 476 1820 ol.
500 1784 551 1820 54
574 1781 671 1828 (564
693 1794 725 1819 a.
747 1781 834 1820 Chr.
858 1779 910 1827 n.)
941 1780 1146 1830 Olympiae
1168 1781 1334 1831 palmam
1363 1781 1500 1820 tulisse

16 1851 234 1895 credamus,
256 1862 341 1887 cum
361 1849 439 1887 illie
456 1849 627 1898 legatur:
647 1860 702 1898 μο
712 1847 814 1894 ῦιός
834 1838 1081 1899 Ἀθηναίων
1103 1837 1318 1885 ἁπάντων
1340 1842 1502 1898 ἐτόλμα

16 1910 132 1963 ὅκως
173 1912 486 1966 Πεισίστρατος
524 1911 702 1954 ἐκπέσοι
744 1911 792 1953 ἐκ
832 1914 925 1953 τῶν
966 1905 1168 1967 Ἀθηνῶν
1210 1915 1273 1963 (ef.
1304 1917 1406 1954 Plut.
1442 1917 1501 1954 De

17 1986 172 2034 malign.
211 1984 356 2022 Herod.
391 1985 550 2033 XXVII,
579 1986 601 2023 9
639 1997 675 2034 p.
703 1982 811 2032 863).
880 1985 996 2033 Ergo,
1037 1997 1122 2022 eum
1160 1984 1198 2021 in
1237 1984 1356 2022 schol.
1386 1984 1502 2033 Vesp.

20 2057 123 2093 1191
158 2052 518 2102 Olympionicarum
551 2052 709 2101 quidam
751 2052 955 2101 catalogus
993 2052 1197 2090 consultus
1235 2053 1294 2099 sit,
1330 2051 1378 2089 ad
1412 2064 1503 2089 eun-

17 2121 105 2159 dem
137 2121 324 2158 debemus
359 2119 507 2157 referre
540 2119 659 2157 schol.
680 2120 777 2157 Aeh.
802 2122 881 2158 214
919 2124 956 2157 et
988 2119 1110 2157 schol.
1131 2119 1203 2157 Av.
1227 2121 1317 2157 282.
1377 2118 1501 2166 Quem

19 2189 304 2237 investigantes
348 2187 582 2224 adiuvamur
628 2187 815 2236 Hesychii
860 2187 923 2225 illo
970 2187 1072 2236 loeo,
1118 2199 1230 2235 quem
1278 2190 1393 2224 antea
1439 2198 1503 2224 ex-

20 2256 234 2305 posuimus,
264 2268 286 2292 a
309 2254 467 2303 Didymi
498 2254 620 2292 lexico
644 2255 790 2293 comico
822 2254 1086 2304 dependente:
1117 2244 1358 2302 Ἑᾳώδιων·
1391 2244 1504 2304 Ἐρα-

18 2318 234 2372 τοσθέιής
266 2313 336 2359 διὰ
357 2320 439 2360 τοῦ
462 2310 485 2359 i
507 2313 757 2370 Έφωτίωνα
778 2312 1033 2373 ἀναγράφει,
1064 2315 1326 2367 ὒΙαιυάλιον,
1356 2333 1504 2372 περιο-

19 2387 256 2441 δουίκηυ9),
293 2383 663 2440 παγκρατιάστηυ.
716 2381 739 2425 ὁ
777 2385 821 2427 δὲ
854 2383 1069 2439 Πόλεμων
1106 2383 1176 2426 διὰ
1212 2387 1293 2427 τοῦ
1317 2378 1362 2426 Β.
1424 2390 1502 2426 Iam

21 2459 223 2507 quaeritur
245 2458 401 2496 ubinam
429 2458 476 2496 de
502 2459 575 2496 hoe
597 2459 752 2496 homine
783 2458 936 2507 egerint
957 2460 1139 2496 auctores
1161 2458 1281 2496 allati.
1339 2458 1503 2495 Factum

130 2578 161 2619 6)
196 2577 249 2612 Cf.
279 2578 299 2611 1.
317 2586 346 2610 a.
374 2589 408 2621 p.
428 2579 468 2610 23
495 2575 579 2610 adn.
598 2579 626 2610 2.

134 2635 161 2673 ⁷)
192 2631 246 2668 Cf.
273 2633 295 2666 l.
313 2643 343 2667 a.
368 2644 403 2676 p.
422 2636 496 2666 751.

132 2690 162 2732 8)
194 2688 249 2723 De
282 2699 434 2732 quorum
468 2699 547 2722 eum
580 2688 738 2733 Didymo
772 2687 1044 2722 necessitudine
1077 2686 1122 2722 cf.
1155 2687 1390 2731 Schmidtius,
1421 2688 1442 2722 l.
1468 2698 1499 2722 a.

21 2755 59 2788 p.
80 2747 162 2843 2889ι)
196 2800 224 2833 Ε
249 2800 401 2835 coniect.
427 2800 609 2845 Sopingii:
636 2800 679 2835 ci.
706 2799 900 2843 Prellerus,
927 2799 1061 2834 Polem.
1088 2799 1193 2843 frgm.
1217 2810 1251 2833 n.
1269 2799 1345 2834 LII.
