1815 3231
1446 179 1523 213 2:27

44 287 143 325 Plut.
175 289 256 326 550
293 286 356 333 (cf.
390 300 451 325 no.
479 287 519 331 4)
558 301 646 337 pag.
677 291 794 327 354a
828 289 848 325 l.
880 292 927 327 21,
960 310 1008 314 ——
1043 289 1065 325 b
1099 289 1120 326 1.
1146 292 1208 338 io,
1249 288 1295 326 dc
1335 300 1411 337 quo
1453 289 1525 325 iam

43 355 268 393 accuratius
313 356 467 403 agatur.
542 356 676 393 Habes
723 355 822 393 enim
875 357 1014 394 omisso
1060 356 1331 394 recentissimo
1380 355 1526 393 scholio

43 423 64 459 l.
93 425 243 461 3—10
274 421 422 460 scholia
443 426 611 471 septem:
644 423 660 460 1
691 423 714 460 1.
744 426 791 461 21
810 435 894 472 sqq.
926 436 972 460 ex
1005 424 1174 461 historici
1198 423 1397 460 cniusdam
1431 422 1527 460 libro

44 490 239 539 haustum,
277 489 381 539 quod
425 501 511 527 cum
552 502 655 527 nunc
693 491 788 527 satis
825 490 985 528 habeam
1026 491 1212 539 probasse
1245 490 1412 538 Didymo
1450 503 1526 527 non

44 557 189 605 deberi,
221 560 358 606 postea
390 557 437 594 de
471 569 516 594 eo
547 558 771 595 accuratius
803 558 943 606 dicam,
974 559 1009 595 II
1043 559 1065 595 1.
1096 561 1146 596 28
1164 568 1264 607 sqq.:
1301 551 1469 607 μήποτε
1504 546 1526 593 ο

43 614 334 674 ἀξιωματικός
371 620 445 661 καὶ
481 613 680 673 αὐθάδης
717 616 776 667 ὡς
807 618 1026 674 Στράττις
1063 620 1109 662 ἐν
1146 622 1207 675 τῷ
1241 622 1427 676 Κινησίᾳ
1464 624 1529 671 (cf.

43 691 279 737 Meinekius,
325 692 422 729 Hist.
455 693 539 729 erit.
576 693 710 729 comio.
741 704 868 741 graec.
902 705 936 740 p.
966 695 1055 736 227,
1100 693 1274 730 Kockius
1307 693 1320 729 1
1357 706 1394 741 p.
1422 694 1528 737 716).

42 750 274 804 Διονύσιος
305 756 351 797 δὲ
384 748 407 795 ὁ
439 756 519 809 μέν
539 771 604 803 τις
635 756 836 806 (salvam
869 752 1144 808 μαινόμενος,
1177 746 1200 795 ο
1228 755 1273 795 ὁὲ-
1304 749 1362 803 (fig
1385 753 1526 795 ἔοικεν

43 817 345 877 ἰχθυοπώλης,
379 828 434 864 111
465 827 487 864 l.
511 830 559 866 31
577 839 674 876 sqq.,
705 827 810 876 quod
844 827 892 864 ad
916 827 1083 864 eundem
1117 840 1194 876 quo
1226 828 1262 864 11
1294 829 1528 865 commenta—

43 896 142 933 rium
189 891 460 944 (Didymeum)
508 894 691 943 refcrtur,
740 907 855 943 quem
904 895 940 932 in
986 894 1094 931 initio
1141 895 1372 944 depravavit
1416 895 1530 932 huius

42 962 181 1001 scholii
213 965 361 1008 auctor,
394 963 430 1000 in
465 962 541 1000 fine
573 962 704 1011 paullo
737 962 987 1010 integriorem
1021 963 1208 999 servavit:
1241 956 1263 996 ὁ
1293 958 1372 1010 μὲν
1404 951 1529 1009 ἀξιω-

42 1023 228 1080 ματικὸς
259 1025 333 1066 καὶ
367 1019 579 1080 αὐθάδης,
619 1021 642 1066 ὁ
675 1025 719 1066 οὲ
749 1022 1012 1079 ΛιιιιινόίιιιιὊς
1044 1025 1112 1065 καὶ
1148 1028 1234 1078 (pro
1257 1024 1329 1065 καὶ
1360 1028 1529 1066 scriben—

44 1098 134 1135 dum
168 1088 204 1148 3),
236 1110 324 1135 nam
358 1110 405 1135 ex
436 1098 562 1135 altero
594 1097 742 1135 scholio
776 1098 905 1134 clucet
943 1098 1015 1133 iani
1049 1097 1165 1146 incipi
1205 1096 1251 1134 de
1282 1096 1404 1134 altero
1439 1097 1528 1134 1110-

43 1166 154 1214 nysio
187 1165 282 1203 dici:
314 1176 408 1203 usus
437 1170 566 1203 autem
600 1165 688 1203 talis
720 1165 940 1214 particulae
972 1155 997 1213 ἢ
1031 1176 1101 1212 pro
1132 1153 1154 1199 ὁ
1184 1160 1242 1213 dg,
1272 1158 1313 1200 οἱ
1346 1159 1393 1199 (lif
1423 1168 1530 1211 patet

44 1246 92 1271 ex
123 1232 243 1271 schol.
273 1233 368 1270 Ach.
402 1235 508 1271 1150
541 1233 563 1269 l.
592 1235 644 1271 48
683 1236 720 1270 ct
753 1233 841 1269 Pac.
869 1235 947 1270 363
980 1231 1001 1268 1.
1033 1234 1099 1275 29)
1137 1220 1196 1274 (ὃς
1228 1224 1368 1267 ἔοικεν
1406 1231 1527 1279 (quod

43 1303 171 1339 exstat
202 1301 316 1338 ctiam
349 1301 386 1338 in
419 1301 541 1338 schol.
572 1301 607 1338 11
646 1305 735 1349 post
768 1289 790 1335 ὁ
826 1295 887 1345 δέ)
925 1292 1224 1349 ἰχθυοπώλης.
1276 1291 1528 1348 Πολύζηλος

44 1364 89 1405 δὲ
126 1366 219 1404 κτλ.
267 1367 334 1414 (cf.
370 1368 548 1406 Kockius
586 1368 599 1405 1
638 1380 725 1416 pag.
757 1369 850 1414 7922·
897 1358 1066 1416 μήποτι
1108 1362 1150 1401 ὸὲ
1194 1362 1263 1401 καὶ
1306 1361 1407 1415 περὶ
1448 1359 1528 1414 τὴν

44 1426 151 1484 ὄψιν
197 1425 496 1481 ἀποσκώπτει,
543 1424 604 1480 (ὃς
649 1424 930 1485 ὁμοιούντων
975 1435 1022 1480 (V
1056 1422 1311 1483 ὁμοιοὺσης)
1358 1426 1529 1482 «wiopa

45 1494 263 1554 ἀνομοίως
291 1503 339 1549 (V
362 1504 484 1553 -οι’ς),
516 1516 616 1553 quac
639 1503 759 1540 verba
786 1499 1164 1549 Hemsterliusius¹¹)
1198 1501 1361 1549 probata
1389 1501 1472 1537 eod.
1498 1502 1526 1537 V

44 1573 212 1610 lectione
244 1562 493 1621 ἀνομοίους,
524 1572 683 1609 retineri
717 1571 811 1619 vult,
852 1568 1103 1617 hobi-e11s12)‚
1134 1581 1247 1618 quem
1279 1574 1438 1606 secutus
1469 1572 1527 1605 est

44 1640 284 1690 Dindorfius‚
315 1640 457 1677 deleri:
494 1643 586 1677 sunt
617 1644 723 1676 certe
754 1637 962 1676 retinenda
996 1637 1099 1674 sacili
1129 1638 1341 1674 mutatione
1372 1641 1527 1683 sanata;

44 1701 103 1756 ὡς
144 1705 312 1759 ὁμοιῶν
352 1701 455 1751 τοὺς
496 1714 566 1755 σᾳ.
609 1697 848 1756 ἀνομοίου.Ι
894 1706 958 1751 (ef.
996 1705 1114 1742 scliol.
1148 1705 1276 1753 Equit.
1304 1707 1382 1742 445)
1422 1706 1444 1742 1.
1476 1708 1527 1751 2).

44 1779 261 1827 Hucusque
292 1778 455 1825 propter
487 1775 632 1824 duplex
653 1766 823 1823 μήποτι-
860 1772 1160 1811 commentarius
1185 1771 1340 1820 Didymi
1373 1771 1527 1809 videtur

45 1829 259 1896 pertinmeJ
288 1844 354 1893 qui
386 1856 463 1881 non
497 1854 618 1880 ausus
641 1845 698 1879 est
729 1846 875 1879 certam
908 1840 954 1878 de
977 1841 1170 1888 Dionysio
1201 1841 1341 1877 afferre
1374 1845 1527 1876 senten-

44 1916 147 1952 tiam.
208 1915 241 1951 A
274 1925 351 1962 quo
384 1911 582 1949 diversum
616 1922 703 1948 esse
740 1910 860 1954 illum,
899 1909 965 1958 qui
1003 1909 1165 1946 alt-eram
1198 1907 1245 1945 de
1277 1907 1526 1955 Thrasybulo

46 1983 180 2021 tulerit
210 1980 443 2019 sententiam
477 1979 611 2023 (schol.
634 1977 678 2024 1),
712 1981 817 2015 recte
850 1977 947 2014 vidit
978 1974 1273 2024 Lmiwigius.¹²³)
1333 1974 1440 2012 Ideni
1474 1976 1527 2012 in-

45 2050 193 2088 tellexit
224 2049 325 2086 hanc
357 2048 404 2085 de
427 2046 676 2095 Thrasybulo
709 2045 941 2083 sententiam
977 2045 1133 2081 fluxisse
1165 2056 1212 2080 ex
1241 2043 1378 2080 eodem
1409 2043 1530 2090 fonte,

46 2130 123 2167 quo
157 2117 274 2155 schol.
297 2116 400 2154 Eccl.
425 2118 516 2161 203,
548 2115 633 2153 sine
665 2114 782 2151 dubio
815 2125 834 2150 e
866 2111 1062 2150 Sti-attidis
1095 2110 1304 2155 comoedia,
1338 2116 1377 2147 ut
1409 2108 1528 2158 Didy-

47 2197 131 2224 mus
164 2187 248 2234 ipse
279 2184 439 2234 indicat,
473 2196 709 2233 quamquam
744 2195 820 2220 non
854 2185 959 2219 recte
991 2180 1039 2218 ad
1073 2180 1332 2228 Collytensem
1356 2178 1526 2226 Thrasy-

46 2254 178 2291 bulum
202 2253 299 2291 haec
323 2253 444 2291 verba
466 2254 649 2301 spectare
672 2250 815 2288 dixisse
845 2250 935 2286 mihi
959 2249 1112 2286 videtur
1133 2247 1362 2295 Ludwigius
1390 2249 1527 2283 contra

44 2321 322 2370 Frohbergeri,
355 2320 520 2365 Goetzii.
552 2318 793 2363 Kaehleriss)
817 2317 1051 2366 opinionem.
1110 2316 1191 2353 Iam
1213 2315 1313 2352 alius
1334 2326 1524 2362 gramma-

161 2461 203 2505 11)
238 2459 293 2494 Cf.
319 2460 407 2495 edit.
434 2459 532 2494 Pluti
564 2462 639 2492 lsi]
670 2468 751 2502 pag.
778 2461 845 2491 105.

161 2519 203 2559 12)
236 2515 291 2551 Cf.
318 2516 405 2551 edit.
431 2515 614 2550 Duebner.
642 2524 723 2558 pag.
743 2517 816 2547 5154».

161 2574 205 2617 13)
238 2572 303 2608 qu
327 2573 425 2606 Pluti
459 2570 652 2615 Aristoph.
693 2574 807 2604 utram
841 2569 1087 2604 recensionem
1127 2574 1269 2603 veteres
1305 2567 1527 2609 grammatici

50 2630 212 2665 dixerint
236 2629 403 2673 priorem.
438 2628 536 2672 Lips.
559 2631 654 2669 1835,
680 2636 761 2670 pag.
783 2630 822 2659 72
838 2636 915 2669 sqq.

165 2688 208 2728 l¹³)
242 2683 297 2719 Cf.
320 2683 605 2727 Frohbergerus‚
630 2683 758 2717 Philol.
776 2682 883 2715 XVII
909 2692 1016 2725 pagg.
1037 2685 1110 2715 445.
1131 2685 1212 2723 Μῦς
1238 2680 1424 2722 Goetzius,
1444 2679 1526 2713 Aet.

49 2742 184 2776 Societ.
208 2741 294 2785 phil.
321 2741 421 2784 Lips.
441 2740 475 2773 11
498 2750 581 2784 pag.
600 2743 663 2772 316
689 2739 772 2772 adn.
790 2743 850 2781 :503
883 2738 1095 2779 Kaehfflrus,
1119 2737 1171 2771 De
1190 2735 1380 2782 Aristoph.
1399 2736 1526 2770 eccles.

52 2802 162 2842 temp.
190 2801 226 2832 ct
250 2797 371 2840 choro,
397 2797 472 2831 len.
495 2800 588 2839 Issi),
615 2805 695 2839 pag.
721 2798 768 2829 15.
