1830 3201
268 182 344 219 164

265 294 508 342 argumento,
545 295 706 331 auctore
739 292 826 331 libri
863 293 980 332 statui
1017 304 1132 342 posse
1171 292 1336 333 confido.
1395 295 1476 333 Iam
1508 295 1592 334 iure
1624 308 1742 345 quae-

264 358 374 408 ritur,
412 371 526 408 quam
561 360 609 398 ob
641 371 720 397 rem
765 371 820 409 ea,
852 372 953 409 quae
985 359 1211 398 Athenaeus
1243 359 1290 398 de
1322 360 1462 410 Leprei
1495 364 1533 400 et
1563 362 1743 400 Herculis

265 426 476 464 certamine
508 429 546 465 et
576 426 624 465 dc
655 426 780 465 suillis
812 426 1010 465 sacrificiis
1039 427 1181 466 Veneri
1213 428 1342 466 offerri
1375 428 1497 466 solitis
1529 428 1746 479 tradiderit,

263 493 312 530 ad
335 506 453 531 unum
481 494 668 532 Zenodoti
699 506 798 544 opus
829 495 1177 533 revocaverimus>
1218 496 1318 533 Nam
1349 496 1472 534 altero
1505 497 1590 535 loco
1621 498 1742 536 Zeno·

265 560 344 598 doti
375 554 573 611 ἱστορικὰ
603 550 908 612 ὑπομνήματα,
939 562 1061 600 altero
1093 557 1298 612 ἐπιτομαί
1329 564 1589 614 nominantur,
1621 568 1664 603 ut
1694 565 1741 603 de

265 628 418 667 duobus
441 628 606 668 diversis
628 629 736 668 libris
767 629 1016 679 cogitandum
1046 641 1129 669 esse
1153 629 1349 680 videatur3
1382 633 1611 680 praesertim
1645 644 1745 682 cum,

264 696 294 733 si
327 699 560 745 argumenta
591 698 833 747 respicimus,
875 697 1082 736 discrimen
1115 698 1216 736 inter
1247 700 1458 748 utrumque
1491 711 1575 738 esse
1608 700 1743 749 negari

265 776 341 802 non
373 765 506 814 possit,
542 764 605 803 hic
640 764 739 803 enim
772 765 902 814 agitur
934 765 982 803 de
1013 777 1121 804 more
1155 766 1401 815 antiquorum
1433 767 1454 804 i.
1484 779 1515 805 e.
1547 767 1595 805 de
1626 768 1744 806 rebus

264 831 458 870 historicis
489 844 587 882 quas
619 832 793 881 dicimus,
824 832 900 870 illic
932 835 969 870 et
1000 834 1140 871 ceteris
1163 833 1270 879 locis,
1303 846 1401 883 quos
1432 835 1522 873 huic
1555 835 1653 873 libro
1685 838 1742 874 at·

265 900 481 949 tribuimus,
524 900 570 938 de
607 900 725 938 rebus
763 900 955 948 mythicis.
1014 900 1124 947 Quae
1162 913 1248 939 cum
1287 903 1340 939 ita
1377 901 1465 948 sint,
1507 901 1743 949 Heffterus1)

266 970 304 1005 et
335 966 624 1013 Duentzerus2)
656 958 878 1017 ἐπιτομάς,
915 979 1012 1016 quas
1049 961 1242 1017 μυθικὰς
1279 968 1400 1007 fuisse
1439 981 1525 1007 eum
1558 969 1743 1016 Wolfioss)

265 1035 441 1073 arbitrati
474 1038 576 1083 sunt,
609 1038 646 1073 et
678 1026 876 1085 ἱστορικὰ
904 1024 1195 1085 ῧπομνήματα
1227 1035 1506 1085 distinguenda
1537 1049 1624 1075 esse
1655 1050 1744 1076 con-

264 1102 520 1148 tenderuntst)
581 1103 726 1141 Contra
756 1102 1057 1149 Schneiderus5)
1094 1097 1301 1153 ἐπιτομάς
1340 1107 1378 1142 et
1408 1098 1608 1155 ἱστορικὰ
1637 1101 1744 1142 ὑπο-

264 1163 466 1220 μνήματα
505 1170 670 1209 eundem
714 1171 853 1209 librum
892 1171 1199 1220 intellegendum
1239 1184 1324 1210 esse
1366 1173 1586 1221 proposuit,
1628 1185 1743 1222 quam

265 1238 496 1276 sententiam
530 1250 598 1276 cur
628 1239 846 1287 amplectar
882 1251 986 1277 nunc
1025 1251 1109 1276 sum
1143 1239 1482 1289 comprobaturus.
1540 1240 1745 1278 Profertur

265 1317 288 1342 a
318 1305 526 1343 scholiasta
557 1305 604 1342 ad
634 1305 728 1343 Eur.
749 1306 864 1344 Rhes.
886 1318 920 1343 v.
944 1309 994 1345 28
1028 1305 1253 1344 Callimachi
1276 1306 1537 1345 testimonium
1570 1306 1744 1345 additur-

267 1385 343 1422 que
380 1372 621 1411 Zenodotum
659 1367 705 1420 ἐξ
741 1363 880 1411 αὐτοῦ
919 1374 940 1412 i.
969 1386 1000 1412 e.
1029 1386 1138 1411 usum
1169 1373 1396 1413 Callimachi
1425 1387 1543 1423 opere
1574 1374 1743 1423 quodam

267 1440 365 1478 idem
390 1440 610 1479 tradidisse.
653 1441 801 1489 Quodsi
823 1454 942 1491 porro
966 1442 1212 1492 reputaveris
1235 1442 1481 1480 Athenaeum
1505 1454 1540 1491 p.
1563 1445 1642 1481 412
1659 1442 1743 1480 A.B

270 1508 503 1547 mentionem
543 1509 673 1547 facere
710 1509 797 1547 libri
834 1510 1057 1557 Zenodotei,
1095 1510 1155 1548 cui
1193 1511 1461 1560 praescriptus
1498 1510 1570 1547 fuit
1606 1510 1745 1548 titulus

269 1572 485 1626 ἑπιτομαί,
521 1580 559 1615 et
591 1579 852 1616 narrationem
893 1591 1009 1627 quam
1041 1578 1198 1616 exhibet
1234 1578 1325 1616 item
1363 1591 1407 1616 ac
1439 1577 1614 1616 scholion
1646 1577 1743 1615 illud

270 1647 307 1684 in
341 1647 504 1685 eundem
537 1647 677 1686 librum
710 1647 917 1697 quadrare,
956 1651 1262 1686 consentaneum
1295 1651 1353 1686 est
1392 1647 1632 1686 Zenodotum
1665 1647 1744 1695 epi-

269 1718 393 1753 tomas
415 1715 642 1761 confecisse,
674 1728 773 1765 quae
796 1719 900 1754 certe
922 1716 969 1753 ad
993 1715 1272 1754 Callimachum
1295 1715 1522 1753 attinebant.
1563 1715 1743 1753 Ceterum

270 1786 398 1821 utrum
431 1783 711 1822 Callimachum
744 1784 865 1823 solum
898 1797 946 1822 an
979 1784 1076 1823 alios
1097 1797 1256 1834 quoque
1278 1787 1460 1822 auctores
1492 1783 1746 1832 excerpserit,

270 1863 374 1889 nunc
403 1864 481 1889 non
508 1864 612 1890 euro.
671 1853 750 1889 Iam
784 1853 1038 1901 inspiciamus
1071 1852 1197 1890 locum
1229 1864 1290 1901 ap.
1318 1851 1459 1889 Athen.
1490 1863 1526 1899 p.
1548 1853 1627 1888 412
1643 1850 1686 1888 A.
1703 1850 1744 1895 B,

269 1919 335 1956 ubi
372 1919 600 1958 Callimachi
645 1923 683 1958 et
719 1919 908 1958 Zenodoti
954 1920 1111 1958 nomina
1156 1920 1367 1957 coniuncta
1411 1917 1594 1967 redeunt,
1639 1917 1743 1967 quod

270 1987 364 2025 miro
411 1988 525 2025 alicui
569 1988 675 2025 casui
716 1987 940 2026 adscribere
986 1987 1189 2025 ridiculum
1231 1989 1298 2024 est.
1369 1987 1575 2035 Leguntur
1614 1988 1743 2023 autem

270 2056 390 2093 verba
419 2059 632 2105 μαρτυρεῖ
652 2051 930 2105 Καλλίμαχος
963 2045 987 2105 ἢ
1012 2047 1261 2105 Ζηνόδοτος
1292 2049 1339 2091 ἑν
1370 2048 1609 2103 ἱστορικοῖς
1642 2044 1743 2089 ὕπο-

269 2116 455 2173 μνήμασι
487 2115 671 2173 γράφων
702 2110 801 2170 ὦδε,
832 2135 933 2172 quae
965 2135 1050 2161 cum
1081 2123 1151 2160 viri
1182 2122 1283 2160 docti
1317 2121 1471 2160 diverse
1499 2121 1744 2170 interpretati

384 2279 410 2321 ¹)
442 2278 463 2312 l.
482 2288 511 2312 c.
538 2288 572 2321 p.
590 2281 619 2311 9.

382 2337 412 2375 2)
444 2334 505 2368 1.1.
531 2345 564 2377 p.
583 2336 635 2367 28.

383 2393 412 2433 3)
446 2391 467 2424 l.
488 2401 516 2424 c.
544 2401 576 2434 p.
595 2393 658 2424 215
684 2389 767 2423 adn.
787 2392 838 2424 54.

384 2460 411 2499 4)
443 2457 570 2491 Refert
594 2457 782 2490 Ducntzer
806 2467 840 2500 p.
861 2459 901 2489 28
931 2456 967 2489 in
995 2451 1177 2497 ἕπιιυμάς
1202 2452 1339 2488 Athen.
1366 2464 1399 2497 p.
1419 2456 1482 2487 41⁶.)
1498 2451 1543 2486 A.
1558 2454 1596 2495 B,
1630 2452 1743 2487 schol.

273 2517 356 2549 Eur.
381 2514 427 2547 ad
445 2513 563 2558 ‚Rhe-s.
582 2516 634 2555 28,
661 2512 773 2547 schol.
799 2513 844 2546 ad
870 2512 909 2546 ll.
928 2524 952 2546 π,
976 2515 1046 2554 175,
1073 2524 1101 2545 ω
1121 2515 1201 2554 4873
1231 2511 1267 2543 in
1295 2506 1468 2554 ἱστορικὰ
1494 2505 1742 2553 ὑπομνήματα

271 2570 407 2605 Athen.
429 2581 462 2614 p.
482 2572 522 2603 95
538 2569 578 2611 F,
604 2572 644 2603 96
660 2568 713 2611 A,
739 2568 783 2602 de
801 2568 1035 2602 adnotatione
1053 2578 1109 2611 ap.
1127 2566 1229 2601 Phot.
1249 2577 1275 2600 s.
1289 2577 1322 2600 v.
1340 2566 1469 2609 μίνθα,
1496 2575 1602 2609 quam
1620 2565 1742 2600 Osann

273 2628 294 2661 l.
311 2638 338 2661 c.
365 2637 399 2670 p.
420 2630 435 2659 7
464 2625 509 2659 ad
535 2620 691 2665 ἐθνικὰς
715 2621 835 2664 λέξεις
860 2624 964 2667 falso,
990 2628 1031 2658 ut
1055 2622 1149 2657 infra
1173 2622 1378 2666 apparebit,
1402 2626 1568 2666 spectare
1590 2621 1741 2664 dixerat,

272 2683 482 2718 dubitanter
500 2681 678 2716 iudicavit
702 2680 855 2715 Jahrbb.
875 2679 897 2715 f.
916 2680 1006 2715 Phil.
1028 2680 1128 2715 LXV
1146 2690 1180 2724 p.
1202 2682 1274 2713 122.

383 2751 411 2795 5)
446 2750 467 2784 l.
489 2760 518 2784 c.
544 2760 597 2783 nr.
617 2752 694 2793 2¹93
731 2748 969 2782 Callimaehea
992 2747 1027 2781 II
1052 2759 1086 2792 p.
1105 2750 1184 2791 3533
1220 2748 1399 2792 Pluygers
1424 2747 1446 2781 l.
1464 2757 1494 2782 c.
1519 2757 1553 2791 p.
1574 2748 1632 2790 123
1664 2745 1740 2779 Dil-

273 2807 372 2850 they,
396 2803 579 2840 Analecta
604 2803 854 2848 Callimachea,
879 2815 912 2847 p.
934 2807 984 2839 10.
