1830 3201
302 177 378 211 112

292 284 406 322 modo
443 285 626 334 reposcit.
691 285 842 323 Etenim
884 285 912 322 si
955 285 1235 322 nominativum
1273 283 1512 336 μνηστῆρες
1549 286 1772 335 recipimus,

292 352 403 390 nobis
440 364 518 390 non
551 353 643 391 satis
680 352 931 401 perspicuum
971 354 1041 402 est,
1078 365 1157 402 qua
1194 364 1236 389 re
1275 353 1384 401 proci
1425 353 1514 391 moti
1551 354 1639 402 sint,
1677 356 1720 391 ut
1750 365 1772 390 a

292 420 570 458 certaminibus
608 422 770 470 repente
812 420 1048 458 desisterent
1088 423 1126 458 et
1165 420 1426 458 considerent.
1485 419 1551 459 Sin
1582 420 1773 459 accusati-

293 500 380 525 vum
419 485 669 537 μνηστῆρας
706 488 1024 537 comprobamus,
1065 487 1239 525 actiones
1277 487 1453 536 singulae
1491 488 1634 536 optime
1671 488 1773 525 inter

291 567 332 592 se
369 555 592 592 cohaerent.
658 555 853 593 Antinous
894 558 932 592 et
970 554 1262 603 Eurymachus,
1303 555 1369 603 qui
1405 555 1657 592 certaminum
1696 567 1772 593 non

291 625 383 660 sunt
413 623 634 672 participes,
676 623 732 660 ira
765 622 990 660 afficiuntur
1021 623 1197 661 oratione
1229 623 1454 661 Noemonis.
1513 622 1773 670 Quamobrem

291 690 365 738 ipsi
395 702 536 739 procos
568 690 782 738 adducunt,
815 694 857 728 ut
888 693 1191 740 congregentur.
1248 691 1349 728 Nam
1382 690 1604 728 exacerbati
1637 691 1773 728 nuntio

292 758 504 795 Noemonis
561 758 686 796 socios
739 769 831 795 suos
882 758 1070 796 certiores
1123 757 1254 796 facere
1306 757 1442 796 volunt
1492 758 1770 797 Telemachum

293 826 382 863 navi
427 825 644 875 profectum
693 838 788 864 esse.
862 824 1062 874 Simulque
1107 826 1317 873 Antinous,
1372 825 1437 875 qui
1482 825 1678 864 orationes
1723 824 1773 863 ad

293 905 433 942 procos
460 893 588 943 habet,
620 906 642 931 a
669 894 784 932 sociis
814 905 953 932 navem
986 896 1120 942 petere
1150 893 1245 942 vult,
1276 896 1319 931 ut
1345 893 1583 932 Telemacho
1617 893 1776 932 insidias

295 961 474 999 instruat.

408 1029 503 1066 Post
533 1029 748 1066 Homerum
780 1029 1050 1066 intransitivus
1081 1028 1196 1066 huius
1217 1028 1326 1066 verbi
1358 1040 1453 1066 usus
1483 1028 1522 1066 in
1545 1027 1776 1078 imperativo

295 1093 409 1132 παῦε
441 1096 682 1144 potissimum
716 1096 917 1134 observari
950 1107 1065 1145 posse
1096 1095 1263 1134 videtur.

389 1286 427 1326 B.
471 1286 524 1327 De
554 1284 612 1326 eis
640 1284 784 1336 verbi8‚
812 1295 913 1337 quae
941 1295 1030 1326 mea
1059 1284 1241 1337 opinione
1267 1284 1419 1326 tanturn
1451 1284 1695 1327 intransitive

916 1352 1168 1406 usurpantur.

823 1440 861 1484 1.
903 1442 1252 1496 περιτροπέω.

414 1539 465 1575 Ut
484 1532 786 1587 παρατροπέω
816 1549 838 1574 a
866 1527 1209 1587 παράτροποςῙ),
1241 1538 1294 1575 sic
1316 1537 1477 1575 verbum
1500 1532 1779 1587 περιτροπέω

299 1618 321 1642 a
350 1601 621 1655 περίτροπος
652 1603 925 1642 deducendum
957 1617 1041 1642 esse
1072 1605 1238 1642 videtur.
1297 1605 1398 1643 Saue
1429 1605 1522 1642 illud
1545 1604 1778 1642 adiectivum

299 1668 570 1722 mperooycog
608 1673 645 1709 in
678 1672 817 1709 litteris
849 1672 1086 1710 Graecorum
1127 1672 1244 1709 semel
1276 1672 1544 1709 tantummodo
1582 1672 1781 1710 invenitur

305 1741 341 1777 in
374 1741 477 1777 Plut.
499 1741 590 1788 Lys.
616 1742 663 1778 12
696 1735 863 1790 κίνησις
883 1735 1164 1789 περίτροπος,
1196 1739 1260 1777 ubi
1281 1735 1552 1789 περίτροπος
1574 1738 1779 1777 manifesto

304 1808 590 1845 intransitivum
623 1807 787 1856 praebet
809 1818 978 1844 sensum.
1038 1806 1204 1846 Omnino
1233 1807 1361 1844 omnia
1383 1819 1428 1844 ea
1449 1806 1654 1855 affimativa,
1686 1818 1781 1855 quo-

302 1888 386 1913 rum
419 1876 586 1912 alterum
610 1874 821 1912 membrum
850 1885 1031 1923 -τροπος
1060 1878 1128 1919 est,
1158 1874 1263 1924 apud
1294 1875 1504 1912 Homerum
1533 1874 1783 1912 intransitiva

301 1944 365 1981 vel
397 1944 553 1992 passiva
584 1943 621 1980 vi
658 1945 750 1980 sunt
786 1942 981 1991 praedita3
1018 1942 1066 1980 cf.
1099 1932 1357 1992 ἀπότροπος
1389 1945 1602 1991 „1-em0tuS,
1632 1942 1782 1979 seiunc-

302 2011 387 2049 ῐιιειι
424 2011 566 2059 ξ372;
603 2000 895 2059 πολύτροπος
930 2010 1117 2056 „multum
1141 2009 1343 2048 versatus“
1379 2021 1405 2046 α
1430 2013 1467 2058 1;
1499 2021 1524 2046 κ
1547 2012 1645 2058 3303
1675 1997 1783 2045 ὑπό-

303 2089 470 2129 τροπος
512 2078 684 2124 „redux“
724 2076 762 2114 Z
791 2080 869 2116 501
906 2080 994 2122 etc.;
1039 2077 1144 2126 apud
1182 2081 1360 2127 posteros
1397 2077 1606 2126 scriptores
1645 2069 1784 2126 παρά-

304 2156 470 2196 τροπος
506 2144 714 2191 „aversus“
751 2144 878 2191 (Pind.
901 2145 1012 2194 Pyth.
1036 2148 1072 2194 2,
1093 2147 1144 2183 35
1175 2143 1272 2190 eto).

417 2214 505 2251 Non
537 2212 746 2250 verisimile
786 2224 871 2251 esse
909 2212 999 2250 mihi
1039 2212 1193 2262 quidem
1226 2211 1382 2250 videtur
1419 2211 1538 2250 verba
1567 2221 1785 2262 παρατρο·

305 2276 398 2317 πέω
431 2283 467 2318 et
498 2275 780 2330 περιτροπέω
817 2280 869 2317 ita
900 2291 985 2317 esse
1017 2279 1269 2327 conformata,
1307 2282 1350 2316 ut
1380 2282 1470 2316 ante
1502 2278 1668 2328 simplex
1698 2290 1784 2316 ver-

305 2347 394 2385 bum
417 2343 593 2396 τροπέω
614 2347 925 2397 praepositiones
947 2340 1068 2397 παρά
1090 2349 1127 2385 et
1147 2343 1248 2396 περί
1270 2347 1571 2384 collocarentur.
1630 2345 1783 2383 Etenim

306 2418 557 2463 exspectares
578 2414 644 2452 illa
667 2416 885 2464 composita
907 2426 990 2453 esse
1013 2415 1232 2463 transitiva,
1263 2414 1356 2463 quia
1386 2408 1561 2462 τροπέω
1588 2426 1609 2450 a
1630 2413 1785 2451 nomine

305 2474 474 2532 τρόπος
506 2481 722 2519 derivatum
754 2482 966 2519 verisimile
998 2484 1056 2520 est
1088 2481 1334 2520 transitivum
1366 2480 1460 2519 fieri.
1519 2481 1570 2518 At
1601 2480 1689 2518 huic
1720 2479 1784 2517 de-

307 2549 491 2587 rivationi
527 2549 776 2586 intransitiva
814 2549 1020 2598 utriusque
1051 2548 1159 2587 verbi
1191 2549 1250 2586 vis
1287 2560 1332 2585 ac
1368 2550 1541 2598 potestas
1579 2550 1786 2597 repugnat.

308 2617 477 2655 Verbum
508 2612 788 2666 περιτροπέω
828 2616 1006 2654 omnibus
1044 2617 1137 2654 locis
1175 2627 1247 2664 pro
1284 2615 1533 2653 intransitivo
1564 2626 1648 2653 esse
1684 2614 1785 2652 acci-

309 2684 492 2733 piendum
527 2696 614 2722 mox
646 2695 850 2733 exponam.

414 2761 749 2834 Bssffipfordten.
776 2801 809 2834 p.
829 2792 880 2824 22.
