<?xml version="1.0" encoding="UTF-8"?>
<!DOCTYPE html PUBLIC "-//W3C//DTD XHTML 1.0 Transitional//EN"
    "http://www.w3.org/TR/xhtml1/DTD/xhtml1-transitional.dtd">
<html xmlns="http://www.w3.org/1999/xhtml" xml:lang="en" lang="en">
 <head>
  <title>
</title>
<meta http-equiv="Content-Type" content="text/html;charset=utf-8" />
  <meta name='ocr-system' content='tesseract 3.04.00' />
  <meta name='ocr-capabilities' content='ocr_page ocr_carea ocr_par ocr_line ocrx_word'/>
</head>
<body>
  <div class='ocr_page' id='page_1' title='image "./deverbisetintran00hilduoft_0129.png"; bbox 0 0 1815 3231; ppageno 0'>
   <div class='ocr_carea' id='block_1_1' title="bbox 20 632 1504 2048">
    <p class='ocr_par' dir='ltr' id='par_1_1' title="bbox 22 632 1503 1715">
     <span class='ocr_line' id='line_1_1' title="bbox 158 632 1500 692; baseline 0.017 -23"><span class='ocrx_word' id='word_1_1' title='bbox 158 632 202 670; x_wconf 91' lang='lat' dir='ltr'>In</span> <span class='ocrx_word' id='word_1_2' title='bbox 224 632 412 673; x_wconf 81' lang='lat' dir='ltr'><strong>Zenodoti</strong></span> <span class='ocrx_word' id='word_1_3' title='bbox 435 635 593 686; x_wconf 81' lang='lat' dir='ltr'>Ephesii</span> <span class='ocrx_word' id='word_1_4' title='bbox 616 639 752 678; x_wconf 86' lang='lat' dir='ltr'>studiis</span> <span class='ocrx_word' id='word_1_5' title='bbox 781 642 1046 684; x_wconf 80' lang='lat' dir='ltr'>(xaminandis</span> <span class='ocrx_word' id='word_1_6' title='bbox 1079 650 1115 685; x_wconf 92' lang='lat' dir='ltr'>et</span> <span class='ocrx_word' id='word_1_7' title='bbox 1146 649 1386 690; x_wconf 73' lang='lat' dir='ltr'>illustiaudis</span> <span class='ocrx_word' id='word_1_8' title='bbox 1417 667 1500 692; x_wconf 73' lang='lat' dir='ltr'>eum</span> 
     </span>
     <span class='ocr_line' id='line_1_2' title="bbox 29 701 1504 772; baseline 0.016 -36"><span class='ocrx_word' id='word_1_9' title='bbox 29 701 163 737; x_wconf 87' lang='lat' dir='ltr'>nostra</span> <span class='ocrx_word' id='word_1_10' title='bbox 198 703 326 739; x_wconf 87' lang='lat' dir='ltr'>aetate</span> <span class='ocrx_word' id='word_1_11' title='bbox 367 703 439 741; x_wconf 92' lang='lat' dir='ltr'>viri</span> <span class='ocrx_word' id='word_1_12' title='bbox 484 704 606 756; x_wconf 88' lang='lat' dir='ltr'>docti,</span> <span class='ocrx_word' id='word_1_13' title='bbox 647 708 832 757; x_wconf 83' lang='lat' dir='ltr'>imprimis</span> <span class='ocrx_word' id='word_1_14' title='bbox 872 712 1176 765; x_wconf 76' lang='lat' dir='ltr'>l)ueutzerus¹)‚</span> <span class='ocrx_word' id='word_1_15' title='bbox 1216 719 1474 759; x_wconf 65' lang='lat' dir='ltr'>ltibbukius2</span> <span class='ocrx_word' id='word_1_16' title='bbox 1463 727 1504 772; x_wconf 81' lang='lat'>-,)</span> 
     </span>
     <span class='ocr_line' id='line_1_3' title="bbox 28 767 1503 835; baseline 0.016 -31"><span class='ocrx_word' id='word_1_17' title='bbox 28 767 283 818; x_wconf 74' lang='lat' dir='ltr'>Roemerus3)</span> <span class='ocrx_word' id='word_1_18' title='bbox 324 770 427 810; x_wconf 89' lang='lat' dir='ltr'>haud</span> <span class='ocrx_word' id='word_1_19' title='bbox 469 773 650 823; x_wconf 81' lang='lat' dir='ltr'>exiguam</span> <span class='ocrx_word' id='word_1_20' title='bbox 695 788 852 825; x_wconf 89' lang='lat' dir='ltr'>operam</span> <span class='ocrx_word' id='word_1_21' title='bbox 894 786 1221 835; x_wconf 85' lang='lat' dir='ltr'>consumpserint,</span> <span class='ocrx_word' id='word_1_22' title='bbox 1262 788 1378 825; x_wconf 78' lang='lat' dir='ltr'>solam</span> <span class='ocrx_word' id='word_1_23' title='bbox 1423 790 1503 828; x_wconf 62' lang='lat' dir='ltr'>few</span> 
     </span>
     <span class='ocr_line' id='line_1_4' title="bbox 27 835 1491 904; baseline 0.016 -32"><span class='ocrx_word' id='word_1_24' title='bbox 27 835 277 875; x_wconf 80' lang='lat' dir='ltr'>Homeiicam</span> <span class='ocrx_word' id='word_1_25' title='bbox 308 840 496 879; x_wconf 79' lang='lat' dir='ltr'>Zenodoti</span> <span class='ocrx_word' id='word_1_26' title='bbox 527 845 793 883; x_wconf 82' lang='lat' dir='ltr'>recensionem</span> <span class='ocrx_word' id='word_1_27' title='bbox 826 849 1069 888; x_wconf 81' lang='lat' dir='ltr'>tiactandam</span> <span class='ocrx_word' id='word_1_28' title='bbox 1101 854 1171 890; x_wconf 89' lang='lat' dir='ltr'>sibi</span> <span class='ocrx_word' id='word_1_29' title='bbox 1203 863 1491 904; x_wconf 74' lang='lat' dir='ltr'>proposuerunt</span> 
     </span>
     <span class='ocr_line' id='line_1_5' title="bbox 28 906 1503 976; baseline 0.017 -35"><span class='ocrx_word' id='word_1_30' title='bbox 28 906 160 943; x_wconf 77' lang='lat' dir='ltr'>ceteia</span> <span class='ocrx_word' id='word_1_31' title='bbox 197 907 280 945; x_wconf 88' lang='lat' dir='ltr'>eius</span> <span class='ocrx_word' id='word_1_32' title='bbox 319 920 440 957; x_wconf 88' lang='lat' dir='ltr'>opera</span> <span class='ocrx_word' id='word_1_33' title='bbox 480 914 547 949; x_wconf 88' lang='lat' dir='ltr'>aut</span> <span class='ocrx_word' id='word_1_34' title='bbox 583 914 798 962; x_wconf 80' lang='lat' dir='ltr'>attigerunt</span> <span class='ocrx_word' id='word_1_35' title='bbox 837 921 904 955; x_wconf 87' lang='lat' dir='ltr'>aut</span> <span class='ocrx_word' id='word_1_36' title='bbox 940 931 1099 967; x_wconf 86' lang='lat' dir='ltr'>prorsus</span> <span class='ocrx_word' id='word_1_37' title='bbox 1142 924 1409 976; x_wconf 75' lang='lat' dir='ltr'>11(·›glcx‹1·,uut</span> <span class='ocrx_word' id='word_1_38' title='bbox 1450 935 1503 975; x_wconf 89' lang='lat' dir='ltr'>ut,</span> 
     </span>
     <span class='ocr_line' id='line_1_6' title="bbox 27 973 1501 1037; baseline 0.017 -28"><span class='ocrx_word' id='word_1_39' title='bbox 27 973 118 1022; x_wconf 91' lang='lat' dir='ltr'>quid</span> <span class='ocrx_word' id='word_1_40' title='bbox 150 974 376 1014; x_wconf 87' lang='lat' dir='ltr'>Zenodotus</span> <span class='ocrx_word' id='word_1_41' title='bbox 406 981 564 1026; x_wconf 85' lang='lat' dir='ltr'>praeter</span> <span class='ocrx_word' id='word_1_42' title='bbox 595 980 782 1021; x_wconf 87' lang='lat' dir='ltr'>diorthos</span> <span class='ocrx_word' id='word_1_43' title='bbox 755 997 811 1021; x_wconf 92' lang='grc'>111</span> <span class='ocrx_word' id='word_1_44' title='bbox 844 988 1091 1037; x_wconf 71' lang='lat' dir='ltr'>praestiterit,</span> <span class='ocrx_word' id='word_1_45' title='bbox 1128 992 1296 1029; x_wconf 88' lang='lat' dir='ltr'>nondum</span> <span class='ocrx_word' id='word_1_46' title='bbox 1329 995 1376 1032; x_wconf 79' lang='lat' dir='ltr'>sit</span> <span class='ocrx_word' id='word_1_47' title='bbox 1407 998 1501 1034; x_wconf 85' lang='lat' dir='ltr'>satis</span> 
     </span>
     <span class='ocr_line' id='line_1_7' title="bbox 25 1039 1501 1106; baseline 0.016 -28"><span class='ocrx_word' id='word_1_48' title='bbox 25 1039 72 1078; x_wconf 91' lang='lat' dir='ltr'>ab</span> <span class='ocrx_word' id='word_1_49' title='bbox 104 1042 205 1080; x_wconf 92' lang='lat' dir='ltr'>omni</span> <span class='ocrx_word' id='word_1_50' title='bbox 238 1046 350 1093; x_wconf 85' lang='lat' dir='ltr'>parte</span> <span class='ocrx_word' id='word_1_51' title='bbox 388 1047 647 1086; x_wconf 86' lang='lat' dir='ltr'>enucleatum.</span> <span class='ocrx_word' id='word_1_52' title='bbox 715 1051 838 1098; x_wconf 79' lang='lat' dir='ltr'>Quam</span> <span class='ocrx_word' id='word_1_53' title='bbox 873 1054 920 1091; x_wconf 91' lang='lat' dir='ltr'>ob</span> <span class='ocrx_word' id='word_1_54' title='bbox 952 1067 1031 1092; x_wconf 89' lang='lat' dir='ltr'>rem</span> <span class='ocrx_word' id='word_1_55' title='bbox 1074 1056 1377 1106; x_wconf 81' lang='lat' dir='ltr'>disquisitionem</span> <span class='ocrx_word' id='word_1_56' title='bbox 1417 1064 1501 1101; x_wconf 87' lang='lat' dir='ltr'>reli-</span> 
     </span>
     <span class='ocr_line' id='line_1_8' title="bbox 25 1110 1500 1173; baseline 0.016 -27"><span class='ocrx_word' id='word_1_57' title='bbox 25 1110 206 1158; x_wconf 84' lang='lat' dir='ltr'>quiarum</span> <span class='ocrx_word' id='word_1_58' title='bbox 238 1112 552 1153; x_wconf 85' lang='lat' dir='ltr'>Zenodotearum</span> <span class='ocrx_word' id='word_1_59' title='bbox 586 1117 727 1156; x_wconf 86' lang='lat' dir='ltr'>omissa</span> <span class='ocrx_word' id='word_1_60' title='bbox 759 1122 986 1160; x_wconf 79' lang='lat' dir='ltr'>recensione</span> <span class='ocrx_word' id='word_1_61' title='bbox 1018 1124 1225 1164; x_wconf 82' lang='lat' dir='ltr'>Homerica</span> <span class='ocrx_word' id='word_1_62' title='bbox 1238 1127 1268 1173; x_wconf 65' lang='lat'>4)</span> <span class='ocrx_word' id='word_1_63' title='bbox 1301 1130 1500 1169; x_wconf 83' lang='lat' dir='ltr'>instituere</span> 
     </span>
     <span class='ocr_line' id='line_1_9' title="bbox 24 1177 1498 1243; baseline 0.015 -29"><span class='ocrx_word' id='word_1_64' title='bbox 24 1177 163 1216; x_wconf 87' lang='lat' dir='ltr'>inutile</span> <span class='ocrx_word' id='word_1_65' title='bbox 195 1191 281 1218; x_wconf 90' lang='lat' dir='ltr'>esse</span> <span class='ocrx_word' id='word_1_66' title='bbox 313 1193 390 1219; x_wconf 91' lang='lat' dir='ltr'>non</span> <span class='ocrx_word' id='word_1_67' title='bbox 413 1181 579 1230; x_wconf 77' lang='lat' dir='ltr'>videtur,</span> <span class='ocrx_word' id='word_1_68' title='bbox 612 1186 758 1236; x_wconf 90' lang='lat' dir='ltr'>quippe</span> <span class='ocrx_word' id='word_1_69' title='bbox 790 1200 876 1226; x_wconf 89' lang='lat' dir='ltr'>cum</span> <span class='ocrx_word' id='word_1_70' title='bbox 908 1189 956 1227; x_wconf 89' lang='lat' dir='ltr'>ad</span> <span class='ocrx_word' id='word_1_71' title='bbox 980 1192 1166 1231; x_wconf 87' lang='lat' dir='ltr'>Zenodoti</span> <span class='ocrx_word' id='word_1_72' title='bbox 1190 1195 1345 1243; x_wconf 87' lang='lat' dir='ltr'>Ephesii</span> <span class='ocrx_word' id='word_1_73' title='bbox 1378 1201 1498 1236; x_wconf 87' lang='lat' dir='ltr'>artem</span> 
     </span>
     <span class='ocr_line' id='line_1_10' title="bbox 24 1245 1500 1312; baseline 0.014 -29"><span class='ocrx_word' id='word_1_74' title='bbox 24 1245 63 1284; x_wconf 81' lang='lat' dir='ltr'>et</span> <span class='ocrx_word' id='word_1_75' title='bbox 98 1247 289 1286; x_wconf 86' lang='lat' dir='ltr'>rationem</span> <span class='ocrx_word' id='word_1_76' title='bbox 328 1249 542 1289; x_wconf 81' lang='lat' dir='ltr'>adhibitam</span> <span class='ocrx_word' id='word_1_77' title='bbox 582 1253 620 1290; x_wconf 92' lang='lat' dir='ltr'>in</span> <span class='ocrx_word' id='word_1_78' title='bbox 658 1255 796 1293; x_wconf 89' lang='lat' dir='ltr'>studiis</span> <span class='ocrx_word' id='word_1_79' title='bbox 833 1260 1105 1309; x_wconf 81' lang='lat' dir='ltr'>grammaticis,</span> <span class='ocrx_word' id='word_1_80' title='bbox 1143 1261 1189 1300; x_wconf 91' lang='lat' dir='ltr'>de</span> <span class='ocrx_word' id='word_1_81' title='bbox 1222 1276 1299 1312; x_wconf 83' lang='lat' dir='ltr'>qua</span> <span class='ocrx_word' id='word_1_82' title='bbox 1329 1277 1369 1302; x_wconf 89' lang='lat' dir='ltr'>re</span> <span class='ocrx_word' id='word_1_83' title='bbox 1407 1267 1500 1304; x_wconf 85' lang='lat' dir='ltr'>satis</span> 
     </span>
     <span class='ocr_line' id='line_1_11' title="bbox 24 1312 1500 1374; baseline 0.014 -23"><span class='ocrx_word' id='word_1_84' title='bbox 24 1312 252 1365; x_wconf 83' lang='lat' dir='ltr'>discrepant</span> <span class='ocrx_word' id='word_1_85' title='bbox 288 1318 359 1356; x_wconf 89' lang='lat' dir='ltr'>viri</span> <span class='ocrx_word' id='word_1_86' title='bbox 399 1318 523 1370; x_wconf 88' lang='lat' dir='ltr'>docti,</span> <span class='ocrx_word' id='word_1_87' title='bbox 562 1325 668 1360; x_wconf 88' lang='lat' dir='ltr'>recte</span> <span class='ocrx_word' id='word_1_88' title='bbox 706 1323 1008 1374; x_wconf 85' lang='lat' dir='ltr'>intellegendam</span> <span class='ocrx_word' id='word_1_89' title='bbox 1054 1330 1229 1367; x_wconf 84' lang='lat' dir='ltr'>nonnihil</span> <span class='ocrx_word' id='word_1_90' title='bbox 1272 1331 1370 1370; x_wconf 85' lang='lat' dir='ltr'>lucis</span> <span class='ocrx_word' id='word_1_91' title='bbox 1411 1334 1500 1372; x_wconf 88' lang='lat' dir='ltr'>inde</span> 
     </span>
     <span class='ocr_line' id='line_1_12' title="bbox 24 1382 1499 1439; baseline 0.014 -20"><span class='ocrx_word' id='word_1_92' title='bbox 24 1382 155 1421; x_wconf 84' lang='lat' dir='ltr'>afferri</span> <span class='ocrx_word' id='word_1_93' title='bbox 184 1395 301 1433; x_wconf 88' lang='lat' dir='ltr'>posse</span> <span class='ocrx_word' id='word_1_94' title='bbox 333 1387 446 1425; x_wconf 91' lang='lat' dir='ltr'>nobis</span> <span class='ocrx_word' id='word_1_95' title='bbox 477 1391 798 1438; x_wconf 84' lang='lat' dir='ltr'>persuascrimus.</span> <span class='ocrx_word' id='word_1_96' title='bbox 861 1393 954 1431; x_wconf 84' lang='lat' dir='ltr'>Cum</span> <span class='ocrx_word' id='word_1_97' title='bbox 987 1399 1112 1433; x_wconf 88' lang='lat' dir='ltr'>autem</span> <span class='ocrx_word' id='word_1_98' title='bbox 1145 1409 1207 1435; x_wconf 89' lang='lat' dir='ltr'>res</span> <span class='ocrx_word' id='word_1_99' title='bbox 1237 1398 1290 1436; x_wconf 91' lang='lat' dir='ltr'>ita</span> <span class='ocrx_word' id='word_1_100' title='bbox 1321 1400 1369 1437; x_wconf 87' lang='lat' dir='ltr'>sit</span> <span class='ocrx_word' id='word_1_101' title='bbox 1400 1413 1499 1439; x_wconf 88' lang='lat' dir='ltr'>com-</span> 
     </span>
     <span class='ocr_line' id='line_1_13' title="bbox 22 1453 1497 1510; baseline 0.013 -23"><span class='ocrx_word' id='word_1_102' title='bbox 22 1453 171 1500; x_wconf 84' lang='lat' dir='ltr'>parata,</span> <span class='ocrx_word' id='word_1_103' title='bbox 213 1456 256 1491; x_wconf 84' lang='lat' dir='ltr'>ut</span> <span class='ocrx_word' id='word_1_104' title='bbox 292 1453 341 1492; x_wconf 90' lang='lat' dir='ltr'>de</span> <span class='ocrx_word' id='word_1_105' title='bbox 380 1455 488 1493; x_wconf 87' lang='lat' dir='ltr'>libris</span> <span class='ocrx_word' id='word_1_106' title='bbox 527 1460 566 1495; x_wconf 86' lang='lat' dir='ltr'>et</span> <span class='ocrx_word' id='word_1_107' title='bbox 603 1460 825 1509; x_wconf 85' lang='lat' dir='ltr'>sententiis,</span> <span class='ocrx_word' id='word_1_108' title='bbox 867 1474 968 1510; x_wconf 83' lang='lat' dir='ltr'>quae</span> <span class='ocrx_word' id='word_1_109' title='bbox 1007 1463 1078 1501; x_wconf 90' lang='lat' dir='ltr'>sub</span> <span class='ocrx_word' id='word_1_110' title='bbox 1118 1465 1300 1504; x_wconf 88' lang='lat' dir='ltr'>Zenodoti</span> <span class='ocrx_word' id='word_1_111' title='bbox 1344 1469 1497 1507; x_wconf 91' lang='lat' dir='ltr'>nomine</span> 
     </span>
     <span class='ocr_line' id='line_1_14' title="bbox 23 1518 1496 1583; baseline 0.012 -27"><span class='ocrx_word' id='word_1_112' title='bbox 23 1518 367 1572; x_wconf 84' lang='lat' dir='ltr'>circumferuntur,</span> <span class='ocrx_word' id='word_1_113' title='bbox 403 1523 639 1574; x_wconf 85' lang='lat' dir='ltr'>plerumque</span> <span class='ocrx_word' id='word_1_114' title='bbox 671 1526 859 1566; x_wconf 87' lang='lat' dir='ltr'>dubitatio</span> <span class='ocrx_word' id='word_1_115' title='bbox 891 1530 1049 1579; x_wconf 81' lang='lat' dir='ltr'>oriatur,</span> <span class='ocrx_word' id='word_1_116' title='bbox 1086 1535 1211 1570; x_wconf 87' lang='lat' dir='ltr'>utrum</span> <span class='ocrx_word' id='word_1_117' title='bbox 1244 1534 1412 1583; x_wconf 87' lang='lat' dir='ltr'>Ephesio</span> <span class='ocrx_word' id='word_1_118' title='bbox 1449 1549 1496 1574; x_wconf 88' lang='lat' dir='ltr'>an</span> 
     </span>
     <span class='ocr_line' id='line_1_15' title="bbox 22 1585 1496 1652; baseline 0.013 -29"><span class='ocrx_word' id='word_1_119' title='bbox 22 1585 85 1624; x_wconf 89' lang='lat' dir='ltr'>alii</span> <span class='ocrx_word' id='word_1_120' title='bbox 116 1586 262 1626; x_wconf 90' lang='lat' dir='ltr'>homini</span> <span class='ocrx_word' id='word_1_121' title='bbox 294 1590 468 1629; x_wconf 89' lang='lat' dir='ltr'>eiusdem</span> <span class='ocrx_word' id='word_1_122' title='bbox 501 1593 667 1631; x_wconf 91' lang='lat' dir='ltr'>nominis</span> <span class='ocrx_word' id='word_1_123' title='bbox 699 1595 777 1633; x_wconf 86' lang='lat' dir='ltr'>sint</span> <span class='ocrx_word' id='word_1_124' title='bbox 806 1597 1055 1647; x_wconf 84' lang='lat' dir='ltr'>tribuendae,</span> <span class='ocrx_word' id='word_1_125' title='bbox 1095 1599 1222 1638; x_wconf 88' lang='lat' dir='ltr'>facere</span> <span class='ocrx_word' id='word_1_126' title='bbox 1253 1614 1328 1639; x_wconf 91' lang='lat' dir='ltr'>non</span> <span class='ocrx_word' id='word_1_127' title='bbox 1362 1615 1496 1652; x_wconf 89' lang='lat' dir='ltr'>possu-</span> 
     </span>
     <span class='ocr_line' id='line_1_16' title="bbox 23 1655 1453 1715; baseline 0.011 -24"><span class='ocrx_word' id='word_1_128' title='bbox 23 1665 119 1704; x_wconf 86' lang='lat' dir='ltr'>mus,</span> <span class='ocrx_word' id='word_1_129' title='bbox 149 1655 243 1704; x_wconf 87' lang='lat' dir='ltr'>quin</span> <span class='ocrx_word' id='word_1_130' title='bbox 275 1658 431 1696; x_wconf 90' lang='lat' dir='ltr'>omnino</span> <span class='ocrx_word' id='word_1_131' title='bbox 463 1659 684 1699; x_wconf 88' lang='lat' dir='ltr'>Zenodotos</span> <span class='ocrx_word' id='word_1_132' title='bbox 714 1663 987 1710; x_wconf 87' lang='lat' dir='ltr'>grammaticos</span> <span class='ocrx_word' id='word_1_133' title='bbox 1017 1665 1066 1703; x_wconf 88' lang='lat' dir='ltr'>ad</span> <span class='ocrx_word' id='word_1_134' title='bbox 1099 1670 1227 1715; x_wconf 85' lang='lat' dir='ltr'>partes</span> <span class='ocrx_word' id='word_1_135' title='bbox 1258 1681 1453 1707; x_wconf 89' lang='lat' dir='ltr'>vocemus.</span> 
     </span>
    </p>

    <p class='ocr_par' dir='ltr' id='par_1_2' title="bbox 20 1723 1495 2048">
     <span class='ocr_line' id='line_1_17' title="bbox 135 1723 1495 1784; baseline 0.01 -23"><span class='ocrx_word' id='word_1_136' title='bbox 135 1723 243 1770; x_wconf 77' lang='lat' dir='ltr'>Quas</span> <span class='ocrx_word' id='word_1_137' title='bbox 282 1726 533 1774; x_wconf 83' lang='lat' dir='ltr'>quaestiones</span> <span class='ocrx_word' id='word_1_138' title='bbox 575 1729 629 1766; x_wconf 86' lang='lat' dir='ltr'>ita</span> <span class='ocrx_word' id='word_1_139' title='bbox 669 1729 873 1769; x_wconf 80' lang='lat' dir='ltr'>absolvere</span> <span class='ocrx_word' id='word_1_140' title='bbox 913 1733 1193 1784; x_wconf 86' lang='lat' dir='ltr'>constituimus,</span> <span class='ocrx_word' id='word_1_141' title='bbox 1234 1739 1273 1773; x_wconf 89' lang='lat' dir='ltr'>ut</span> <span class='ocrx_word' id='word_1_142' title='bbox 1313 1741 1495 1775; x_wconf 86' lang='lat' dir='ltr'>accurate</span> 
     </span>
     <span class='ocr_line' id='line_1_18' title="bbox 21 1791 1493 1850; baseline 0.01 -22"><span class='ocrx_word' id='word_1_143' title='bbox 21 1791 240 1841; x_wconf 84' lang='lat' dir='ltr'>perpensis,</span> <span class='ocrx_word' id='word_1_144' title='bbox 276 1805 378 1842; x_wconf 88' lang='lat' dir='ltr'>quae</span> <span class='ocrx_word' id='word_1_145' title='bbox 415 1794 547 1833; x_wconf 90' lang='lat' dir='ltr'>adhuc</span> <span class='ocrx_word' id='word_1_146' title='bbox 584 1799 864 1847; x_wconf 83' lang='lat' dir='ltr'>proposuerint</span> <span class='ocrx_word' id='word_1_147' title='bbox 901 1801 971 1837; x_wconf 89' lang='lat' dir='ltr'>viri</span> <span class='ocrx_word' id='word_1_148' title='bbox 1003 1800 1116 1850; x_wconf 89' lang='lat' dir='ltr'>docti,</span> <span class='ocrx_word' id='word_1_149' title='bbox 1154 1816 1176 1840; x_wconf 84' lang='lat' dir='ltr'>a</span> <span class='ocrx_word' id='word_1_150' title='bbox 1208 1803 1493 1842; x_wconf 88' lang='lat' dir='ltr'>Zenodotorum</span> 
     </span>
     <span class='ocr_line' id='line_1_19' title="bbox 21 1859 1492 1920; baseline 0.01 -25"><span class='ocrx_word' id='word_1_151' title='bbox 21 1859 243 1898; x_wconf 89' lang='lat' dir='ltr'>nominibus</span> <span class='ocrx_word' id='word_1_152' title='bbox 288 1862 352 1899; x_wconf 89' lang='lat' dir='ltr'>vel</span> <span class='ocrx_word' id='word_1_153' title='bbox 397 1864 692 1912; x_wconf 82' lang='lat' dir='ltr'>cognominibus</span> <span class='ocrx_word' id='word_1_154' title='bbox 737 1866 1020 1917; x_wconf 84' lang='lat' dir='ltr'>investigandis</span> <span class='ocrx_word' id='word_1_155' title='bbox 1065 1871 1191 1907; x_wconf 84' lang='lat' dir='ltr'>exorsi</span> <span class='ocrx_word' id='word_1_156' title='bbox 1238 1870 1284 1908; x_wconf 90' lang='lat' dir='ltr'>de</span> <span class='ocrx_word' id='word_1_157' title='bbox 1330 1872 1492 1920; x_wconf 86' lang='lat' dir='ltr'>singulis</span> 
     </span>
     <span class='ocr_line' id='line_1_20' title="bbox 20 1928 1493 1987; baseline 0.009 -23"><span class='ocrx_word' id='word_1_158' title='bbox 20 1928 281 1974; x_wconf 84' lang='lat' dir='ltr'>grammaticis</span> <span class='ocrx_word' id='word_1_159' title='bbox 317 1929 411 1978; x_wconf 91' lang='lat' dir='ltr'>quid</span> <span class='ocrx_word' id='word_1_160' title='bbox 447 1931 572 1981; x_wconf 88' lang='lat' dir='ltr'>possit</span> <span class='ocrx_word' id='word_1_161' title='bbox 607 1932 772 1981; x_wconf 88' lang='lat' dir='ltr'>proferri</span> <span class='ocrx_word' id='word_1_162' title='bbox 810 1933 1043 1973; x_wconf 83' lang='lat' dir='ltr'>disseramus</span> <span class='ocrx_word' id='word_1_163' title='bbox 1080 1937 1272 1987; x_wconf 83' lang='lat' dir='ltr'>neglecta,</span> <span class='ocrx_word' id='word_1_164' title='bbox 1309 1942 1350 1976; x_wconf 92' lang='lat' dir='ltr'>ut</span> <span class='ocrx_word' id='word_1_165' title='bbox 1381 1942 1493 1977; x_wconf 84' lang='lat' dir='ltr'>antea</span> 
     </span>
     <span class='ocr_line' id='line_1_21' title="bbox 21 1993 1117 2048; baseline 0.008 -17"><span class='ocrx_word' id='word_1_166' title='bbox 21 1993 198 2045; x_wconf 86' lang='lat' dir='ltr'>diximus,</span> <span class='ocrx_word' id='word_1_167' title='bbox 228 1995 417 2036; x_wconf 85' lang='lat' dir='ltr'>Zenodoti</span> <span class='ocrx_word' id='word_1_168' title='bbox 451 1998 610 2048; x_wconf 87' lang='lat' dir='ltr'>Ephesii</span> <span class='ocrx_word' id='word_1_169' title='bbox 641 2001 871 2039; x_wconf 86' lang='lat' dir='ltr'>recensione</span> <span class='ocrx_word' id='word_1_170' title='bbox 902 2002 1117 2040; x_wconf 89' lang='lat' dir='ltr'>Homerica.</span> 
     </span>
    </p>
   </div>
   <div class='ocr_carea' id='block_1_2' title="bbox 1496 899 1504 918">
    <p class='ocr_par' dir='ltr' id='par_1_3' title="bbox 1496 899 1504 918">
     <span class='ocr_line' id='line_1_22' title="bbox 1496 899 1504 918; baseline 0 0"><span class='ocrx_word' id='word_1_171' title='bbox 1496 899 1504 918; x_wconf 76' lang='lat'><em>7</em></span> 
     </span>
    </p>
   </div>
   <div class='ocr_carea' id='block_1_3' title="bbox 5 2102 1493 2491">
    <p class='ocr_par' dir='ltr' id='par_1_4' title="bbox 134 2102 1160 2152">
     <span class='ocr_line' id='line_1_23' title="bbox 134 2102 1160 2152; baseline 0.007 -15"><span class='ocrx_word' id='word_1_172' title='bbox 134 2104 162 2145; x_wconf 88' lang='lat'>¹)</span> <span class='ocrx_word' id='word_1_173' title='bbox 192 2102 248 2138; x_wconf 93' lang='lat' dir='ltr'>De</span> <span class='ocrx_word' id='word_1_174' title='bbox 272 2104 451 2140; x_wconf 82' lang='lat' dir='ltr'>Zenodoti</span> <span class='ocrx_word' id='word_1_175' title='bbox 477 2106 611 2141; x_wconf 85' lang='lat' dir='ltr'>studiis</span> <span class='ocrx_word' id='word_1_176' title='bbox 636 2106 846 2142; x_wconf 87' lang='lat' dir='ltr'>Homericis.</span> <span class='ocrx_word' id='word_1_177' title='bbox 873 2109 1036 2152; x_wconf 85' lang='lat' dir='ltr'>Gotting.</span> <span class='ocrx_word' id='word_1_178' title='bbox 1068 2114 1160 2145; x_wconf 61' lang='lat'>1548.</span> 
     </span>
    </p>

    <p class='ocr_par' dir='ltr' id='par_1_5' title="bbox 19 2158 1493 2263">
     <span class='ocr_line' id='line_1_24' title="bbox 131 2158 1493 2211; baseline 0.006 -18"><span class='ocrx_word' id='word_1_179' title='bbox 131 2160 161 2201; x_wconf 76' lang='grc'>2)</span> <span class='ocrx_word' id='word_1_180' title='bbox 189 2158 477 2196; x_wconf 87' lang='lat' dir='ltr'>Zenodotearum</span> <span class='ocrx_word' id='word_1_181' title='bbox 507 2167 645 2206; x_wconf 84' lang='lat' dir='ltr'>quaest.</span> <span class='ocrx_word' id='word_1_182' title='bbox 678 2173 776 2208; x_wconf 84' lang='lat' dir='ltr'>spec.</span> <span class='ocrx_word' id='word_1_183' title='bbox 800 2164 827 2198; x_wconf 92' lang='grc' dir='ltr'>Ι.</span> <span class='ocrx_word' id='word_1_184' title='bbox 866 2165 964 2199; x_wconf 86' lang='lat' dir='ltr'>Diss.</span> <span class='ocrx_word' id='word_1_185' title='bbox 986 2165 1102 2200; x_wconf 89' lang='lat' dir='ltr'>Berol.</span> <span class='ocrx_word' id='word_1_186' title='bbox 1134 2169 1235 2211; x_wconf 78' lang='lat'>18523</span> <span class='ocrx_word' id='word_1_187' title='bbox 1259 2167 1386 2202; x_wconf 89' lang='lat' dir='ltr'>Philol.</span> <span class='ocrx_word' id='word_1_188' title='bbox 1406 2167 1493 2202; x_wconf 89' lang='lat' dir='ltr'>VIII</span> 
     </span>
     <span class='ocr_line' id='line_1_25' title="bbox 19 2216 569 2263; baseline 0.011 -15"><span class='ocrx_word' id='word_1_189' title='bbox 19 2223 55 2257; x_wconf 87' lang='lat' dir='ltr'>p.</span> <span class='ocrx_word' id='word_1_190' title='bbox 73 2217 268 2260; x_wconf 82' lang='lat'>652—7123</span> <span class='ocrx_word' id='word_1_191' title='bbox 293 2216 347 2251; x_wconf 87' lang='lat' dir='ltr'>IX</span> <span class='ocrx_word' id='word_1_192' title='bbox 370 2229 406 2263; x_wconf 86' lang='lat' dir='ltr'>p.</span> <span class='ocrx_word' id='word_1_193' title='bbox 424 2221 569 2254; x_wconf 68' lang='lat'><strong>45—73.</strong></span> 
     </span>
    </p>

    <p class='ocr_par' dir='ltr' id='par_1_6' title="bbox 5 2272 1491 2380">
     <span class='ocr_line' id='line_1_26' title="bbox 133 2272 1491 2325; baseline 0.005 -17"><span class='ocrx_word' id='word_1_194' title='bbox 133 2273 161 2314; x_wconf 82' lang='grc'>3)</span> <span class='ocrx_word' id='word_1_195' title='bbox 192 2272 314 2309; x_wconf 88' lang='lat' dir='ltr'>Ueber</span> <span class='ocrx_word' id='word_1_196' title='bbox 338 2275 398 2310; x_wconf 92' lang='lat' dir='ltr'>die</span> <span class='ocrx_word' id='word_1_197' title='bbox 423 2275 747 2312; x_wconf 87' lang='lat' dir='ltr'>Homerrecension</span> <span class='ocrx_word' id='word_1_198' title='bbox 774 2278 838 2312; x_wconf 86' lang='lat' dir='ltr'>des</span> <span class='ocrx_word' id='word_1_199' title='bbox 856 2278 1030 2313; x_wconf 86' lang='lat' dir='ltr'>Zenodot.</span> <span class='ocrx_word' id='word_1_200' title='bbox 1063 2277 1249 2314; x_wconf 89' lang='lat' dir='ltr'>Abhandl.</span> <span class='ocrx_word' id='word_1_201' title='bbox 1275 2280 1339 2315; x_wconf 90' lang='lat' dir='ltr'>der</span> <span class='ocrx_word' id='word_1_202' title='bbox 1364 2281 1491 2325; x_wconf 87' lang='lat' dir='ltr'>philos.</span> 
     </span>
     <span class='ocr_line' id='line_1_27' title="bbox 5 2326 1491 2380; baseline 0.006 -18"><span class='ocrx_word' id='word_1_203' title='bbox 5 2326 145 2371; x_wconf 78' lang='lat' dir='ltr'>philol.</span> <span class='ocrx_word' id='word_1_204' title='bbox 171 2329 303 2365; x_wconf 83' lang='lat' dir='ltr'>Klasse</span> <span class='ocrx_word' id='word_1_205' title='bbox 330 2331 394 2366; x_wconf 89' lang='lat' dir='ltr'>der</span> <span class='ocrx_word' id='word_1_206' title='bbox 420 2332 494 2377; x_wconf 83' lang='lat' dir='ltr'>kgl.</span> <span class='ocrx_word' id='word_1_207' title='bbox 520 2332 606 2368; x_wconf 87' lang='lat' dir='ltr'>bair.</span> <span class='ocrx_word' id='word_1_208' title='bbox 632 2332 754 2368; x_wconf 85' lang='lat' dir='ltr'>Akad.</span> <span class='ocrx_word' id='word_1_209' title='bbox 781 2334 845 2368; x_wconf 88' lang='lat' dir='ltr'>der</span> <span class='ocrx_word' id='word_1_210' title='bbox 862 2334 1085 2370; x_wconf 83' lang='lat' dir='ltr'>Wissensch.</span> <span class='ocrx_word' id='word_1_211' title='bbox 1112 2335 1217 2370; x_wconf 86' lang='lat' dir='ltr'>XVII</span> <span class='ocrx_word' id='word_1_212' title='bbox 1246 2348 1280 2380; x_wconf 86' lang='lat' dir='ltr'>p.</span> <span class='ocrx_word' id='word_1_213' title='bbox 1306 2340 1401 2371; x_wconf 83' lang='grc'>639-</span> <span class='ocrx_word' id='word_1_214' title='bbox 1418 2340 1491 2371; x_wconf 78' lang='grc'><strong>722.</strong></span> 
     </span>
    </p>

    <p class='ocr_par' dir='ltr' id='par_1_7' title="bbox 18 2385 1490 2491">
     <span class='ocr_line' id='line_1_28' title="bbox 131 2385 1490 2436; baseline 0.005 -16"><span class='ocrx_word' id='word_1_215' title='bbox 131 2387 159 2427; x_wconf 72' lang='lat'>4)</span> <span class='ocrx_word' id='word_1_216' title='bbox 192 2385 512 2432; x_wconf 76' lang='lat' dir='ltr'>computationem</span> <span class='ocrx_word' id='word_1_217' title='bbox 536 2389 675 2424; x_wconf 85' lang='lat' dir='ltr'>dierum</span> <span class='ocrx_word' id='word_1_218' title='bbox 692 2390 815 2425; x_wconf 84' lang='lat' dir='ltr'>Iliadis</span> <span class='ocrx_word' id='word_1_219' title='bbox 841 2390 1096 2436; x_wconf 83' lang='lat' dir='ltr'>Zenodoteam,</span> <span class='ocrx_word' id='word_1_220' title='bbox 1121 2392 1219 2436; x_wconf 80' lang='lat' dir='ltr'>quod</span> <span class='ocrx_word' id='word_1_221' title='bbox 1243 2403 1263 2426; x_wconf 89' lang='lat' dir='ltr'>a</span> <span class='ocrx_word' id='word_1_222' title='bbox 1281 2393 1490 2428; x_wconf 87' lang='lat' dir='ltr'>recensione</span> 
     </span>
     <span class='ocr_line' id='line_1_29' title="bbox 18 2439 1447 2491; baseline 0.006 -16"><span class='ocrx_word' id='word_1_223' title='bbox 18 2439 210 2477; x_wconf 84' lang='lat' dir='ltr'>Homerica.</span> <span class='ocrx_word' id='word_1_224' title='bbox 234 2444 397 2488; x_wconf 84' lang='lat' dir='ltr'>separari</span> <span class='ocrx_word' id='word_1_225' title='bbox 421 2445 483 2479; x_wconf 80' lang='lat' dir='ltr'>vix</span> <span class='ocrx_word' id='word_1_226' title='bbox 507 2449 641 2490; x_wconf 83' lang='lat' dir='ltr'>potest,</span> <span class='ocrx_word' id='word_1_227' title='bbox 666 2445 711 2481; x_wconf 88' lang='lat' dir='ltr'>ab</span> <span class='ocrx_word' id='word_1_228' title='bbox 736 2446 802 2481; x_wconf 82' lang='lat' dir='ltr'>hac</span> <span class='ocrx_word' id='word_1_229' title='bbox 827 2447 1077 2491; x_wconf 84' lang='lat' dir='ltr'>disputatione</span> <span class='ocrx_word' id='word_1_230' title='bbox 1102 2448 1232 2483; x_wconf 87' lang='lat' dir='ltr'>abesse</span> <span class='ocrx_word' id='word_1_231' title='bbox 1256 2449 1447 2483; x_wconf 85' lang='lat' dir='ltr'>voluimus.</span> 
     </span>
    </p>
   </div>
   <div class='ocr_carea' id='block_1_4' title="bbox 111 2895 1292 2929">
    <p class='ocr_par' dir='ltr' id='par_1_8' title="bbox 111 2895 1292 2929">
     <span class='ocr_line' id='line_1_30' title="bbox 111 2895 1292 2929; baseline 0.011 -4"><span class='ocrx_word' id='word_1_232' title='bbox 111 2895 201 2926; x_wconf 76' lang='lat' dir='ltr'>Diss.</span> <span class='ocrx_word' id='word_1_233' title='bbox 219 2897 301 2928; x_wconf 80' lang='lat' dir='ltr'>Hal.</span> <span class='ocrx_word' id='word_1_234' title='bbox 319 2897 388 2928; x_wconf 90' lang='lat' dir='ltr'>XI.</span> <span class='ocrx_word' id='word_1_235' title='bbox 1274 2899 1292 2929; x_wconf 77' lang='grc'>9</span> 
     </span>
    </p>
   </div>
  </div>
 </body>
</html>
