1815 3231
1468 158 1516 188 -w

42 247 240 305 ποταμὸς
272 248 447 292 τούτων
484 248 596 292 κατὰ
623 252 757 305 μέσον
797 252 996 305 ἐκβάλλει
1039 262 1234 310 multaque
1273 263 1348 299 aiia
1381 263 1516 300 similia

46 323 233 372 exempla.

154 391 219 429 Bis
251 391 522 429 tantummodo
555 392 662 441 apud
694 393 904 431 Homerum
938 395 1044 432 verbi
1079 396 1321 435 intransitiva
1354 399 1409 435 vis
1441 411 1518 435 svr-

41 461 132 496 vata
163 462 233 497 est.
283 457 321 496 A
346 461 422 498 722
456 452 545 496 ἔστι
577 455 624 496 δέ
652 472 716 504 τις
746 455 945 510 ποταμὸς
978 457 1189 513 Μινυήιος
1222 461 1278 502 ι-ἰ.·
1310 457 1394 501 ι’ἕλιι
1425 458 1519 511 βάλ-

43 525 146 564 λων.
187 527 350 565 Vetusta
382 527 548 565 cadendi
583 528 819 577 significatio
852 531 1101 579 agnoscenda
1124 537 1191 570 est.
1238 532 1370 571 ³154&ss
1405 525 1428 582 ἡ
1453 545 1517 569 τοι

40 587 121 645 γὰρ
143 587 221 640 τὰς
243 595 280 642 (ἰ.
304 607 334 633 e.
357 588 536 641 ἵππους)
558 593 713 646 πρῶτα
737 592 834 633 ἴδον
855 594 951 648 supi
976 594 1109 649 τι-’ρμιι
1131 594 1350 645 βαλούσας
1378 615 1520 650 „equas

42 662 186 701 circum
219 665 359 701 metam
392 667 513 713 actas,
545 666 752 702 currentes
785 666 1010 714 CO11spexi“.
1070 667 1261 705 Ameisius
1293 672 1329 705 et
1362 669 1520 705 Faesins

42 729 79 767 in
113 729 200 768 edd.
231 731 395 769 Kurtzio
410 729 437 777 ¹)
471 731 646 770 obsecuti
680 731 785 770 hune
818 736 854 770 et
884 737 1094 782 sequentes
1122 748 1182 771 vv.
1206 739 1296 781 462²„
1328 739 1401 773 ulfi-1
1440 737 1519 773 iuro

41 802 331 848 expunxerunt,
363 798 470 849 quod
503 799 554 837 illi
586 800 767 838 versibus
795 803 875 840 465
892 814 975 851 sqq.
1008 803 1174 840 obstant.

625 922 656 961 b.
699 918 950 973 ἐμβάλλεο.

155 1002 279 1041 Etiam
312 1002 349 1040 in
375 1002 449 1041 hoo
472 1003 687 1052 composito
710 1004 940 1042 transitivus
962 1004 1024 1041 vel
1048 1005 1268 1043 causativus
1293 1018 1383 1043 usus
1411 1018 1518 1053 prae-

41 1071 163 1120 valet3
204 1070 346 1109 etenim
378 1071 539 1109 verbum
579 1070 733 1110 duobus
765 1074 915 1110 tantum
948 1072 1041 1110 loeis
1074 1073 1287 1110 Homericis
1325 1074 1517 1111 notionem

41 1138 221 1189 primitus
247 1139 536 1177 intransitivam
549 1138 580 1186 2)
613 1140 786 1178 retinuit.
847 1141 940 1178 Post
961 1141 1168 1179 Homerum
1192 1140 1343 1178 demum
1377 1142 1517 1179 intran-

40 1206 155 1249 sitiva
185 1206 420 1257 significatio
451 1207 569 1258 paulo
602 1207 760 1257 saepius
792 1208 947 1257 legitur.

155 1274 456 1326 Lexieographi‚
495 1278 538 1314 ut
568 1276 783 1313 Passovius
823 1279 860 1314 et
892 1276 1047 1325 Papius,
1085 1276 1367 1313 intransitivum
1407 1276 1518 1313 liuius

42 1343 150 1382 verbi
183 1355 296 1382 usum
339 1356 387 1382 ex
421 1343 547 1394 ellipsi
587 1343 831 1382 diversorum
864 1344 1104 1381 obiectorum
1139 1346 1268 1381 natum
1302 1356 1383 1381 esse.
1422 1343 1518 1380 arbi-

41 1413 208 1450 trantur.
249 1412 398 1462 Aperte
421 1411 477 1450 illi
499 1412 730 1461 principalis
747 1411 916 1450 notionis
940 1412 1209 1449 intransitivae
1232 1411 1337 1449 verbi
1361 1403 1519 1456 βάλλω,

42 1491 158 1530 quam
189 1491 309 1530 supra
341 1480 655 1529 commemoravi,
685 1480 810 1529 ignari
842 1479 1011 1518 fuerunt.

154 1547 231 1588 Sed
263 1548 560 1588 consideremus
590 1548 750 1586 Homeri
783 1559 907 1586 usum.
967 1548 1033 1584 Bis
1063 1546 1339 1595 tantummodo,
1375 1549 1415 1583 ut
1448 1546 1519 1583 iam

43 1615 135 1666 dixi,
171 1617 208 1654 in
242 1616 421 1666 Odyssea
452 1615 740 1655 intransitivam
772 1615 967 1653 notionem
1006 1615 1242 1652 invenimus:
1286 1616 1399 1652 1489
1431 1606 1522 1649 ἑτά-

42 1691 156 1734 ροισι
193 1674 238 1722 d'
259 1677 505 1735 ἐποτρύνας
546 1679 786 1732 ἐκέλευσαί
819 1679 1043 1733 ἐμβαλέειν
1082 1675 1292 1731 κώπῃςῑῑ),
1332 1673 1386 1718 ἵν’
1417 1676 1522 1718 ὑπὲκ

42 1745 269 1804 κακότητα
309 1745 524 1803 φύγοιμεν
556 1768 608 1783 =
647 1765 673 1789 x
708 1754 797 1792 129.
866 1751 1015 1798 Quibus
1056 1751 1150 1788 locis
1191 1763 1305 1799 quam
1345 1752 1435 1798 apta
1475 1749 1523 1786 sit

42 1820 278 1870 significatio
315 1821 380 1859 illa
417 1820 597 1871 cadendi,
640 1833 710 1858 nos
752 1819 895 1857 docere
935 1821 1063 1869 potest
1099 1820 1220 1856 c490
1261 1811 1299 1853 οἱ
1339 1812 1381 1853 δὲ
1419 1827 1520 1865 προ-

41 1881 252 1935 πεσόντες
282 1883 477 1940 ἔρεσσον,
520 1902 598 1940 quo
639 1890 678 1927 in
710 1900 828 1926 versu
869 1887 1014 1925 iussum
1057 1886 1104 1923 ab
1137 1885 1246 1923 Ulixe
1285 1884 1413 1922 datum
1457 1881 1522 1932 (es.

43 1955 176 2006 c489)
215 1958 262 1996 ab
295 1958 377 1996 eius
409 1958 525 1996 sociis
563 1956 698 2007 perfici
736 1957 930 1993 narratur.
988 1954 1061 1990 Hie
1099 1953 1199 1990 enim
1241 1951 1373 1989 eadem
1411 1951 1522 1995 actio,

43 2038 145 2076 quae
186 2037 201 2063 ι
234 2027 314 2065 489
357 2025 477 2064 verbo
519 2019 745 2075 ἐμβαλέειν
795 2021 1022 2069 denotatur,
1067 2020 1186 2057 verbo
1227 2010 1523 2068 ,προπεσόντες

43 2093 300 2144 significatur.
359 2093 547 2132 Videmus
578 2093 697 2141 igitur
728 2082 877 2139 κώπῃς
899 2078 1132 2139 ἐμβάλλειν
1163 2087 1223 2125 vel
1253 2081 1523 2135 προπίπτειν

43 2162 137 2201 artis
168 2161 319 2200 navalis
350 2161 562 2211 voeabula,
591 2163 634 2198 ut
666 2159 718 2197 ita
749 2157 886 2205 dicam,
916 2155 1048 2194 fuisse.

155 2230 214 2268 De
245 2229 372 2280 ellipsi
404 2229 546 2268 obiecti
574 2231 719 2278 χεῖρας
757 2225 816 2263 his
847 2223 944 2263 loeis
982 2223 1144 2273 cogitari
1184 2222 1319 2271 nequit
1358 2221 1406 2259 ob
1439 2232 1522 2258 eam

5 2331 8 2334 ,
44 2309 214 2349 eausam,
254 2297 360 2348 quod
401 2297 520 2336 dictio
561 2300 706 2347 χεῖρας
745 2286 979 2343 ἐμβάλλειν
1022 2291 1139 2341 plane
1181 2290 1365 2327 inusitata
1405 2287 1523 2325 fuisse

44 2365 217 2416 videtur3
248 2366 390 2406 etenim
422 2366 489 2404 illa
520 2377 568 2404 ne
590 2363 711 2403 semel
734 2361 907 2411 quidem,
937 2360 1088 2398 tametsi
1111 2358 1271 2396 verbum
1305 2357 1397 2395 satis
1431 2354 1522 2393 mul-

43 2434 93 2472 tis
130 2435 319 2484 exemplis
359 2434 649 2484 comprobatur,
693 2442 819 2479 neque
858 2427 963 2478 apud
1002 2428 1211 2465 Homerum
1252 2437 1378 2474 neque
1421 2421 1524 2472 apud

160 2556 187 2593 ¹)
219 2553 349 2588 Philol.
374 2551 548 2596 XXXVI,
574 2554 637 2586 562
653 2561 730 2595 sqq.

156 2610 187 2651 ²)
219 2609 433 2653 Kruegerus
466 2609 524 2643 Di.
547 2609 567 2652 ξ
594 2610 647 2650 52,
673 2610 704 2649 2,
722 2610 738 2639 ῖ
772 2602 1038 2639 intransitIVam
1066 2601 1139 2635 vim
1173 2600 1322 2633 huiusce
1348 2597 1447 2631 verbi
1482 2596 1525 2629 ab

43 2665 201 2701 Homero
225 2666 355 2701 abesse
380 2675 571 2710 perperam
597 2661 798 2699 contendit.

158 2723 187 2765 ⁸)
219 2722 288 2757 Hic
322 2722 472 2757 dativus
505 2724 562 2756 est
595 2719 731 2756 localis.
781 2716 837 2752 Cf.
867 2713 986 2762 πεδίῳ
1018 2710 1110 2748 πέσε
1146 2710 1392 2755 (Deua-neck„
1425 2708 1526 2753 Synt.

47 2777 196 2814 Forsch.
222 2778 286 2823 IV,
313 2781 385 2822 57).

134 2847 224 2880 Diss.
242 2847 322 2880 Hal.
339 2847 412 2880 XI.
1308 2837 1327 2867 4
