1815 3231
1441 207 1452 239 1
1474 208 1516 240 15

158 302 284 350 Quam
316 302 577 351 suspicionem
618 304 689 342 etsi
721 317 946 354 perversam
980 321 1062 346 esse
1103 311 1231 349 dicer(-
1266 314 1365 362 nolo,
1397 318 1522 353 tamen

45 382 108 408 res
146 381 230 407 mea
269 368 426 418 quidem
465 370 649 418 opinione
693 372 806 410 aliter
842 385 883 411 se
923 375 1063 413 habere
1102 382 1240 427 potcst.
1307 381 1454 419 Etenim
1494 384 1521 418 si

45 437 342 487 significationis
389 438 578 476 rationem
627 442 665 476 et
712 440 815 488 apud
861 442 1067 480 Homerum
1116 450 1150 483 et
1197 448 1297 495 apud
1347 453 1524 497 posteros

46 506 258 555 scriptores
290 505 486 555 habueris,
518 507 735 555 perspicies
768 507 901 546 formis
934 523 953 546 e
987 507 1121 560 δίιμιει
1159 514 1255 551 notis
1288 529 1438 565 semper
1472 517 1524 555 in-

43 574 286 612 transitivam
326 573 523 611 notionem
566 570 740 623 fugiendi
779 577 840 613 vel
881 579 1051 627 verendi,
1093 593 1169 628 qua
1209 582 1330 619 aum-a
1371 585 1523 621 notione

43 641 254 691 scriptores
293 641 572 691 postliomerici
612 646 787 691 utuntur,
830 645 1030 683 inhaerere
1072 645 1134 684 (cs.
1173 649 1274 697 apud
1316 651 1522 689 llomcrum

45 704 208 746 δίενται
250 706 291 746 Ψ
309 712 407 753 475;
441 705 613 745 δίεσθαι
644 708 695 746 M
713 714 808 759 3043
846 716 1050 761 praetcrea
1083 711 1217 763 δίεμαι
1252 718 1352 764 apud
1385 719 1523 756 Aeson.

43 777 83 815 in
125 777 232 814 Pers.
265 778 344 815 700
390 776 567 823 „ve1·eri“
612 778 854 827 significans,
899 780 961 817 ubi
1004 782 1196 830 scriptura
1240 780 1375 832 δίιμι-τι
1419 790 1522 823 ante—

43 844 229 896 ponenda
267 848 326 883 est
363 845 581 894 scripturae
621 841 800 894 ὀίομαι),
839 847 972 885 formis
1011 853 1145 887 contra
1185 863 1203 887 e
1245 847 1385 900 δίωμαι
1427 854 1523 891 fictis

42 924 196 962 semper
236 912 478 950 transitivam
518 912 714 950 notionem
754 913 929 963 fugandi.
983 916 1038 953 Cf.
1071 913 1223 965 δίωμαι
1263 930 1293 965 η»
1327 923 1420 958 ῑΠυῑ
1464 918 1521 960 εἴξ-

44 975 297 1029 medianam
319 978 359 1017 Ε
379 982 477 1029 763;
510 975 650 1030 δίηται
674 980 718 1017 ΙΙ
734 984 830 1031 1973
857 986 885 1019 l)
909 986 1004 1030 6813
1031 982 1224 1028 11246¹›:
1256 984 1294 1022 X
1318 990 1404 1024 1⁸9.
1427 962 1522 1028 4:3[33

45 1044 228 1086 δίωνται
260 1046 298 1085 Ρ
325 1050 422 1096 110;
464 1043 604 1084 δίοιτο
639 1059 663 1098 ρ
694 1052 791 1095 317;
833 1045 1002 1086 δίεσθαι
1043 1049 1268 1097 (infinitivus
1307 1055 1404 1091 enim
1444 1051 1521 1092 δίε-

43 1115 149 1154 σθαι
188 1117 225 1153 et
256 1114 304 1152 ad
338 1111 479 1164 δίεμαι
520 1112 581 1164 [cf.
618 1115 667 1153 M
692 1113 787 1164 304]
828 1120 865 1154 et
902 1118 949 1155 ad
987 1114 1127 1167 δίωμαι
1167 1124 1341 1168 spectare
1380 1127 1522 1170 potest)

46 1181 99 1221 M
115 1185 216 1232 2763
247 1181 292 1220 Σ
314 1185 411 1229 162;
442 1194 466 1233 ρ
491 1185 587 1232 3983
624 1195 645 1219 ι’
675 1186 767 1223 343.
818 1184 1055 1231 Quibuscum
1085 1186 1179 1224 locis
1207 1188 1418 1226 Homericis
1451 1190 1523 1226 loci

24 1244 150 1300 ‘apud
181 1250 396 1300 scriptores
427 1250 750 1300 posthomeiicos,
787 1252 976 1301 imprimis
1016 1253 1119 1301 apud
1152 1255 1387 1302 Aeschylum
1422 1256 1522 1293 obvii

44 1319 270 1357 concinunt.

155 1385 218 1423 Ad
257 1385 425 1424 medium
462 1381 601 1436 δίεμαι
641 1386 889 1425 referendum
930 1392 988 1426 est
1026 1390 1193 1426 activum
1231 1390 1267 1426 in
1301 1390 1422 1428 forma
1459 1391 1521 1427 illa

45 1447 244 1491 ἐνδίεσαν
276 1456 486 1499 servatum,
519 1454 623 1491 unde
646 1458 811 1503 apparet
842 1455 1010 1493 activum
1037 1456 1142 1494 verbi
1172 1458 1315 1505 pariter
1335 1470 1379 1494 ae
1402 1458 1522 1495 multa

45 1522 121 1560 alia
143 1522 272 1560 activa
303 1522 544 1560 causativam
574 1522 646 1560 sibi
667 1522 842 1560 induisse
864 1524 1069 1561 notionem.
1129 1525 1186 1561 Ad
1221 1524 1362 1562 formas
1394 1530 1519 1562 autem

45 1589 163 1628 medii
193 1585 339 1640 διὀμαι
376 1588 627 1628 referendum
666 1593 726 1628 est
761 1590 930 1628 activum
971 1587 1062 1628 δίω.
1123 1593 1182 1630 Ne
1220 1593 1382 1640 mireris,
1418 1591 1521 1641 quod

45 1658 214 1697 medium
247 1654 393 1708 δίομαι
431 1658 644 1708 causativa,
683 1660 852 1696 activum
886 1654 965 1695 δίο)
1001 1660 1249 1697 intransitiva
1279 1659 1434 1697 notione
1467 1663 1524 1696 est

45 1726 279 1777 praeditum.
338 1726 448 1764 Haec
470 1727 673 1764 causativa
694 1728 801 1765 notio
830 1726 1043 1765 mediorum
1075 1727 1179 1776 apud
1201 1727 1410 1765 Homerum
1445 1739 1520 1764 non

45 1796 223 1836 inaudita
258 1798 336 1841 est3
380 1794 428 1833 cf.
465 1788 729 1845 ἓταιρίζομαι
773 1794 937 1844 „efficio‚
975 1798 1015 1833 ut
1052 1796 1137 1844 quis
1174 1795 1263 1832 mihi
1301 1795 1429 1832 socius
1464 1795 1523 1835 sit,

44 1865 68 1904 i.
100 1877 131 1903 e.
169 1865 318 1903 socium
361 1864 452 1902 mihi
495 1862 630 1912 capio“
678 1861 723 1899 N
751 1865 830 1902 456
875 1866 913 1901 et
955 1856 1152 1912 {eracpt'gco
1197 1874 1355 1907 „comem
1397 1862 1524 1899 socius

46 1931 154 1972 sum“
186 1931 227 1971 Ω
248 1935 327 1973 335
360 1932 562 1982 multaque
594 1932 672 1970 alia
703 1931 827 1968 media
858 1943 880 1967 a
908 1929 1183 1968 Doederleinio
1197 1927 1227 1975 2)
1260 1933 1495 1967 enumerata.

159 2001 256 2040 Cum
288 1999 455 2038 medium
479 1999 659 2038 discedat
679 1999 717 2036 in
741 1998 817 2036 duo
842 1998 972 2046 verba,
1002 2009 1102 2046 quae
1135 2000 1171 2034 et
1194 1996 1317 2034 forma
1347 2001 1384 2034 et
1406 1996 1522 2044 signi-

45 2068 226 2109 ficatione
247 2068 497 2113 distinentur,
526 2079 603 2105 non
625 2066 753 2115 video,
781 2078 850 2103 cur
871 2078 947 2103 non
971 2065 1085 2102 liceat
1106 2063 1330 2102 Herodiano
1359 2062 1519 2109 (bl-276

47 2141 85 2177 et
112 2136 268 2184 {¹475}
299 2140 514 2187 praeeunte
547 2136 623 2174 duo
647 2136 765 2174 verba
797 2131 912 2185 δίημι
944 2138 982 2171 et
1011 2129 1090 2170 δίο)
1119 2136 1288 2170 statuere
1320 2144 1367 2169 ex
1390 2131 1523 2169 eadem

47 2206 178 2245 radice
209 2208 416 2255 prognata,
454 2217 620 2255 quorum
658 2205 822 2242 alterum
861 2197 975 2252 δίημι
1015 2201 1062 2239 ob
1101 2200 1370 2249 antiquitatem
1408 2199 1522 2236 decli-

161 2315 188 2359 1)
221 2314 256 2347 Π
282 2316 346 2348 246
387 2308 508 2357 αῧτὰρ
542 2308 627 2347 ἐπεί
657 2306 692 2345 κ’
716 2305 789 2344 dn&
826 2311 935 2351 ιάῖίμ
969 2305 1090 2352 μάχην
1128 2302 1266 2350 ἐνοπήν
1298 2318 1335 2340 τε
1370 2305 1498 2349 δίηται.

49 2367 230 2415 α’σκηθής
259 2382 324 2413 μοι
358 2369 490 2404 ἔπειτα
518 2365 614 2408 θοὰς
649 2364 707 2402 ἐπὶ
739 2370 828 2411 νῆας
856 2361 988 2399 ἵκοιτο.
1037 2363 1301 2398 Sententiarum
1328 2372 1525 2403 connexus,

47 2432 88 2462 ut
111 2427 179 2461 iam
205 2426 500 2469 Doederleinius,
532 2425 621 2460 Oeff.
645 2423 735 2458 Red.
762 2433 795 2466 p.
820 2425 894 2463 340,
928 2425 963 2456 et
988 2419 1175 2455 Ameisius
1206 2420 1243 2452 in
1269 2430 1351 2463 app.
1377 2418 1421 2452 ad
1447 2417 1478 2451 h.
1505 2418 1526 2451 l·

47 2487 278 2527 monuerunt‚
301 2482 509 2517 necessario
527 2481 702 2526 postulat,
728 2483 766 2513 ut
787 2477 907 2522 δίηται
933 2477 1186 2512 coniunctivus
1204 2475 1327 2509 aoristi
1354 2474 1410 2508 sit.
1459 2474 1522 2507 Ad

48 2539 143 2575 hunc
167 2539 344 2574 aoristum
365 2538 475 2573 medii
499 2537 717 2573 rettulerunt
740 2534 853 2570 activi
870 2534 966 2568 illam
983 2532 1130 2567 formam
1149 2530 1226 2566 δίον
1250 2532 1287 2565 X
1302 2534 1375 2564 2:31.
1425 2529 1524 2564 Idem

49 2595 148 2640 quod
179 2595 224 2630 de
250 2593 370 2640 δίηται
395 2595 431 2629 Π
455 2597 519 2629 246
552 2593 709 2628 fortasse
740 2591 891 2626 iudicari
923 2590 1008 2624 licet
1041 2589 1085 2624 de
1111 2587 1225 2632 δίηται
1253 2588 1291 2621 X
1311 2590 1373 2621 456
1406 2584 1525 2619 δείδω,

49 2649 99 2698 μὴ
130 2650 174 2697 δή
200 2664 264 2695 μοι
294 2648 446 2697 θρασὺν
467 2646 631 2696 (Ἐκτορα
664 2652 742 2689 δῖος
765 2644 942 2692 ,Ἀχιλλεύς
963 2648 968 2690 ξ
989 2650 1129 2689 μοι’-νον
1155 2640 1370 2686 ἀποτμήξας
1395 2639 1525 2681 πόλιος

51 2708 233 2745 πεδίονδε
259 2707 379 2752 δίηται
402 2710 405 2752 Ι
427 2706 492 2742 καὶ
523 2705 562 2752 δή
588 2719 652 2750 μιν
686 2701 909 2747 καταπαύσῃ
945 2698 1143 2747 ἀγηνορίης
1175 2697 1365 2743 ἀληθινῆς
1395 2698 1441 2732 ob
1473 2707 1526 2732 se-

52 2769 227 2811 quentem
252 2764 379 2799 aoristi
403 2764 680 2798 coniunctivum
705 2757 939 2803 καταπαύσῃ.

169 2822 200 2866 2)
235 2820 294 2856 Gl.
313 2820 416 2855 Hom.
441 2830 493 2854 nr.
514 2822 585 2853 172.

1280 2877 1320 2911 ὃ*
