1830 3201
288 173 366 209 140

286 275 506 332 νεώτεροι,
536 292 562 331 η
595 274 821 331 συνήθεια,
859 282 905 320 ab
937 283 1066 320 altera
1090 280 1353 333 ποιητικῶς,
1384 277 1496 321 κατὰ
1528 278 1608 321 τὸν
1637 296 1770 336 ποιηρ

285 343 380 400 τήν,
412 339 516 386 καθ’
530 340 729 400 Ὅμηρον,
770 342 976 399 λαμβάνει
1007 361 1030 386 ο
1062 343 1267 401 ποιητής,
1299 342 1482 402 Ὅμηρος
1515 348 1559 389 δὲ
1597 348 1762 403 τίθησι,

284 414 396 467 λέγει
428 428 450 453 ο
482 408 679 467 ποιητής,
723 411 793 454 ἐπὶ
830 447 837 454 .
875 448 881 454 .
917 448 923 454 .
959 448 965 454 .
1004 410 1151 455 τάττει
1189 410 1212 455 ὁ
1248 412 1443 470 ποιητής.
1504 420 1592 467 Qua
1620 422 1659 459 in
1691 421 1764 459 dis-

286 486 489 535 crepantia
521 485 757 535 explicanda
793 486 966 524 Cohnius
1002 486 1055 523 ita
1087 489 1145 524 est
1176 490 1369 536 versatus,
1406 490 1447 525 ut
1478 492 1666 538 excerpta
1696 489 1764 526 illa

291 553 501 600 „misellam
535 553 623 590 libri
655 553 871 592 Zenodorei
903 552 1137 603 epitomam“
1173 554 1445 593 nominaverit.
1505 554 1581 593 Sed
1613 558 1761 595 tantum

285 622 404 667 abest,
436 625 479 659 ut
500 622 574 660 hoc
595 625 867 670 argumentum
894 622 1096 671 probabile
1118 634 1202 660 esse
1225 634 1417 673 censeam,
1448 626 1489 661 ut
1510 622 1761 670 Schraderffl)

283 690 486 739 assentiar,
524 690 590 739 qui
627 689 743 728 fidem
780 690 895 728 libelli
933 703 954 727 a
986 690 1135 728 Millero
1167 689 1258 728 editi
1295 691 1451 729 omnino
1492 692 1638 730 nullam
1677 704 1762 730 esse

283 758 428 796 statuit.
493 758 592 795 Nam
634 760 677 795 ut
716 760 988 805 argumentum
1030 757 1221 805 epitomae
1262 758 1475 804 mittamus,
1516 770 1635 797 causa
1674 772 1761 808 gra-

285 826 444 863 vissima
475 828 544 874 est,
582 825 700 874 quod,
736 837 836 874 quae
867 825 904 862 in
936 825 1132 874 excerptis
1165 824 1237 863 illis
1270 825 1536 874 perhibentur,
1577 839 1625 864 ex
1651 827 1760 866 scho-

283 894 343 931 liis
380 893 598 932 Homericis
636 896 800 930 consuta
837 895 936 930 sunt.
998 893 1208 930 Praeterea
1245 894 1281 931 in
1323 893 1456 931 codice
1491 894 1760 933 Laurentiano

284 961 422 1000 CXXX
448 964 496 1000 13
529 959 631 997 idem
661 972 760 1009 opus
791 961 963 998 auctoris
990 961 1147 998 nomine
1169 961 1311 998 omisso
1339 964 1467 998 exstat
1497 964 1535 999 et
1566 963 1631 1011 qui
1654 966 1759 1001 ante-

283 1029 386 1067 cedit
416 1029 454 1066 in
477 1028 610 1066 codice
634 1028 764 1065 Athoo
797 1028 897 1066 liber
926 1024 1027 1077 περὶ
1048 1026 1140 1065 τῶν
1163 1017 1486 1078 ἀπορουμένων
1506 1022 1626 1079 παρὰ
1647 1023 1759 1067 Πλά-

282 1107 391 1134 τωνι
413 1092 575 1144 λέξεων
606 1096 702 1134 falso
734 1096 891 1144 Didymi
917 1108 1054 1134 nomen
1088 1097 1125 1134 in
1150 1096 1278 1135 fronte
1299 1098 1411 1146 gerit.
1471 1097 1620 1145 Quodsi
1641 1110 1758 1147 quae-

282 1166 346 1214 ris,
387 1177 457 1202 cur
488 1164 579 1202 huic
611 1164 803 1212 epitomae
840 1163 1033 1202 Zenodori
1066 1176 1206 1202 nomen
1248 1164 1533 1218 praescriptum
1570 1166 1630 1215 sit,
1670 1178 1758 1215 pro·

282 1232 408 1270 babile
440 1235 497 1269 est
529 1244 575 1270 ex
598 1232 673 1269 illis
696 1231 850 1269 scholiis
872 1231 1092 1269 Homericis
1123 1244 1263 1269 nomen
1294 1231 1513 1281 profectum
1537 1244 1638 1278 esse3
1670 1245 1757 1271 nam

281 1299 490 1339 Schraderi
513 1299 719 1347 sententia,
750 1299 816 1348 qui
847 1298 1002 1336 disserit
1034 1299 1072 1336 in
1101 1300 1256 1337 nomine
1292 1300 1536 1345 „memoriam
1559 1300 1757 1349 quandam

281 1367 497 1417 antiquitus
541 1366 723 1405 traditam
767 1369 963 1404 servatam
1011 1366 1136 1415 esse“,
1179 1366 1423 1405 artificiosior
1464 1379 1550 1406 esse
1590 1367 1757 1407 videtur.

280 1437 386 1485 Ergo
419 1439 462 1473 ut
493 1447 591 1484 quae
624 1434 697 1472 hac
728 1434 766 1471 in
798 1447 840 1472 re
871 1434 1069 1472 effecimus
1101 1434 1493 1483 comprehendamus:
1529 1428 1608 1484 egit
1637 1437 1758 1474 Zeno·

281 1504 402 1541 dorus
440 1504 477 1540 in
510 1503 609 1540 libro
640 1498 737 1551 περὶ
772 1499 848 1549 τῆς
874 1490 1098 1552 Ὁμηρικῆς
1129 1498 1365 1552 συνηθείας
1402 1502 1449 1540 de
1487 1515 1559 1540 usu
1598 1505 1636 1540 et
1667 1515 1756 1542 eon-

275 1570 485 1609 suetudine
516 1571 736 1615 Homerica,
778 1569 882 1607 unde
919 1570 1080 1618 scholia,
1116 1582 1218 1619 quae
1256 1569 1304 1607 ad
1343 1570 1588 1609 Zenodorum
1625 1571 1755 1610 redire

277 1640 490 1688 posuimus,
520 1639 640 1676 fluere
672 1640 894 1688 potuerunt.

390 1707 612 1745 Proximum
646 1711 714 1755 est,
751 1709 793 1743 ut
824 1705 1124 1754 disputationem
1157 1706 1405 1744 instituamus
1436 1706 1484 1744 de
1515 1707 1754 1755 argumentis

274 1774 494 1820 Schraderi,
527 1774 667 1823 quibus
697 1774 818 1811 libros
851 1766 993 1817 λύσεις
1020 1762 1262 1823 Ὁμηρικῶν
1294 1763 1605 1823 (ἷπορημάτων,
1642 1767 1754 1824 πρὸς

275 1835 494 1880 Πλάτωνα
529 1838 629 1891 περὶ
660 1839 795 1884 θεῶν,
835 1836 893 1885 εἰς
923 1831 1005 1890 τὴν
1033 1830 1231 1878 Ἡσιόδου
1268 1837 1509 1891 θεογονίαν
1549 1841 1752 1879 Zenodoro

275 1911 486 1948 convenire
528 1909 818 1947 demonstrasse
861 1908 930 1946 sibi
970 1909 1077 1946 visus
1117 1912 1186 1946 est.
1254 1909 1332 1946 Iam
1375 1909 1406 1946 si
1447 1909 1495 1946 ab
1534 1921 1653 1958 opere
1694 1903 1753 1953 εἰς

273 1969 356 2027 τὴν
380 1970 582 2015 (Πσιόόου
623 1973 862 2025 θεογονίαν
899 1976 1193 2025 proficiscimur,
1234 1977 1271 2013 in
1311 1976 1468 2014 scholiis
1498 1976 1752 2026 Theogoniae

273 2046 330 2083 bis
368 2045 555 2083 Zenodoti
591 2045 856 2082 testimonium
894 2045 1067 2081 affertur.
1128 2043 1276 2090 Quibus
1308 2056 1353 2081 ex
1386 2044 1544 2082 scholiis
1582 2056 1667 2081 cum
1699 2043 1751 2081 al-

273 2117 399 2151 terum
431 2114 603 2151 virorum
626 2112 830 2150 doctorum
854 2123 1047 2150 consensu
1078 2111 1128 2149 ad
1149 2110 1336 2149 Zenodoti
1359 2111 1517 2160 Ephesii
1540 2111 1750 2149 editionem

273 2179 479 2227 referatur,
519 2180 557 2217 in
597 2179 719 2217 altero
760 2178 810 2215 ad
842 2190 897 2216 vs.
922 2180 999 2217 116
1039 2177 1243 2216 tractando
1284 2175 1567 2223 Soh1-aderus2)
1609 2190 1655 2216 ea
1691 2180 1751 2216 est

272 2259 366 2285 usus
397 2248 559 2295 ratione,
597 2250 640 2284 ut
676 2246 864 2284 Zenodoti
895 2258 1033 2283 nomen
1075 2247 1112 2283 in
1145 2246 1311 2283 Zenonis
1349 2245 1624 2294 corrigendum
1663 2256 1750 2283 esse

273 2316 478 2353 censuerit.
537 2314 612 2353 Sed
651 2315 722 2351 hac
761 2313 808 2351 de
845 2314 1070 2351 coniectura
1107 2316 1307 2362 utcunque
1344 2312 1546 2362 iudicabis,
1584 2312 1622 2350 id
1660 2324 1747 2350 con-

272 2382 390 2420 tendo
428 2383 529 2419 hanc
566 2394 645 2419 rem
684 2381 780 2419 nihil
811 2382 945 2419 valere
982 2380 1031 2418 ad
1069 2381 1336 2429 quaestionem
1374 2379 1618 2424 solvendam,
1660 2392 1747 2416 nam

272 2462 320 2488 ne
349 2462 420 2498 ego
449 2449 604 2498 quidem
637 2462 658 2487 e
680 2449 969 2487 commentariis
991 2448 1224 2486 Zenodoteis
1255 2447 1350 2485 illud
1374 2447 1550 2485 scholion
1582 2448 1746 2496 petitum

272 2529 355 2555 esse
386 2517 568 2566 arbitror,
599 2519 641 2554 ut
671 2516 774 2553 infra
805 2528 1008 2565 exponam.

383 2585 648 2622 Transeamus
679 2595 784 2620 nunc
816 2582 865 2620 ad
898 2584 1112 2621 solutiones
1143 2583 1382 2632 Homericas,
1413 2593 1511 2630 quas
1542 2580 1745 2619 Zenodoro

270 2652 471 2700 assignare
508 2650 656 2688 studuit
687 2645 945 2688 Schraderus.
1003 2650 1052 2687 Et
1082 2650 1248 2698 primum
1281 2649 1437 2697 quidem
1475 2648 1572 2685 bene
1604 2649 1642 2685 in
1675 2659 1744 2685 nu-

384 2749 410 2788 1)
440 2757 474 2789 p.
492 2749 555 2780 433
571 2755 650 2789 sqq.

381 2803 411 2844 2)
440 2813 475 2845 p.
493 2805 557 2836 430
583 2801 665 2835 adn.
684 2803 714 2834 2.
