1830 3201
280 170 356 208 106

277 269 464 307 debemus
495 269 532 306 in
555 268 767 307 mutatione
795 268 1100 318 significationis,
1131 268 1224 318 quia
1254 269 1412 307 verbum
1446 269 1603 320 saepius
1635 270 1754 319 signi-

276 336 366 373 ficat
393 347 595 385 „premere
616 335 807 385 aliquid“,
833 335 941 373 velut
964 334 1097 374 N131
1123 351 1175 365 =
1197 334 1339 375 [1215
1368 327 1495 381 ἀσπὶς
1522 327 1589 387 ἄρ’
1606 326 1753 374 ἀσπίδ’

278 397 431 453 ἔρειδε,
477 395 610 453 κόρυς
648 395 800 453 κόρυν,
842 392 973 452 ἀνέρα
1015 394 1057 439 δ’
1081 393 1204 453 άνήρ;
1253 402 1276 439 λ
1307 406 1386 442 426
1427 396 1507 440 σύν
1547 415 1592 441 τε
1635 394 1755 453 στόμ’

277 464 448 520 ε’ρεῐσαι.
1128 510 1131 511 ⁷

389 526 562 587 Ἐρεὶδω
601 549 718 586 porro
755 537 1023 586 lexicographi
1056 538 1280 586 Ebelingius
1318 540 1355 575 et
1386 538 1555 577 Seilerus
1591 551 1663 588 pro
1700 539 1755 576 in-

278 605 482 643 transitivo
507 607 747 654 aeceperunt
778 603 815 641 Α
839 607 916 644 235
941 620 993 634 Ξ
1015 603 1119 643 Ρ48
1151 595 1258 653 νύξ’,
1289 600 1361 642 ἐπὶ
1390 595 1427 641 ὁ)
1448 595 1580 650 αὐτὸς
1608 598 1755 655 ἔρεισε,

278 668 430 722 βαρείῃ
458 667 569 722 χειρὶ
601 662 793 723 πιθήσαξΊ
834 685 900 718 „er
931 672 1050 710 selbst
1082 672 1249 710 druekte
1281 672 1382 710 nach
1414 673 1484 711 der
1513 673 1657 711 Wucht
1687 673 1757 711 des

278 740 418 777 Armes
455 740 577 777 freien
617 738 833 789 Spielraum
870 739 1065 777 lassend“.
1125 740 1187 778 Sic
1219 740 1427 779 Ameisius.
1486 741 1559 778 Hic
1593 741 1756 779 verbum

281 819 367 845 esse
400 807 641 856 reflexivum,
671 808 693 844 i.
722 819 752 845 e.
785 807 973 845 actionem
997 807 1194 845 verbalem
1224 807 1391 857 urgendi
1422 820 1444 845 a
1465 808 1641 846 subiecto
1669 820 1756 857 pro-

280 875 418 913 fectam
467 875 516 912 ad
554 874 655 913 idem
697 875 826 913 redire
873 875 1053 925 equidem
1095 888 1172 914 non
1214 876 1461 921 crediderim3
1513 877 1626 914 immo
1663 889 1757 915 vero

280 944 471 981 actionem
514 942 678 992 urgendi
717 943 766 980 ad
807 944 1000 981 obiectum
1042 943 1198 992 aliquod
1240 944 1438 993 pertinere
1480 956 1563 982 mea
1602 944 1757 993 quidem

283 1011 468 1060 opinione
501 1014 666 1059 oportet.
724 1011 849 1048 Nemo
882 1011 996 1057 enim,
1032 1011 1063 1048 si
1094 1011 1167 1048 ista
1198 1012 1317 1049 verba
1349 1011 1606 1061 exaudiverit,
1641 1012 1758 1050 actio-

283 1091 371 1116 nem
394 1078 559 1127 urgendi
591 1079 626 1115 in
651 1078 771 1116 hocce
793 1080 1073 1117 sententiarum
1097 1091 1143 1117 ac
1164 1091 1292 1117 rerum
1315 1091 1495 1117 connexu
1528 1079 1577 1117 ad
1608 1080 1757 1117 hastam

281 1145 527 1184 referendam
574 1157 660 1184 esse
706 1146 880 1196 negabit,
931 1146 1037 1195 quod
1084 1147 1275 1184 obiectum
1322 1147 1432 1195 quasi
1478 1149 1568 1184 ante
1610 1147 1760 1185 animos

282 1216 436 1251 nostros
477 1213 723 1262 obversatur,
762 1214 991 1262 praesertim
1035 1226 1121 1251 eum
1161 1213 1458 1262 antegrediente
1497 1214 1618 1252 verbo
1658 1204 1759 1261 νύξε

282 1282 364 1319 eius
396 1282 465 1330 rei,
495 1293 572 1330 qua
603 1282 797 1331 pulsatur,
832 1282 1017 1331 cogitatio
1050 1283 1284 1320 continetur.
1343 1283 1428 1319 Nec
1451 1283 1575 1331 magis
1597 1282 1760 1320 molesta

283 1352 342 1387 est
380 1349 536 1387 omissi0
574 1348 714 1386 obiecti
754 1350 792 1387 in
832 1350 905 1387 hoc
936 1350 1057 1388 verbo
1098 1362 1213 1399 quam
1253 1350 1291 1387 in
1328 1350 1449 1388 verbo
1490 1343 1612 1395 ἱέναι,
1654 1349 1759 1399 quod
1800 1394 1803 1395 ⁷

282 1417 364 1454 sine
396 1416 545 1454 obiecto
577 1416 681 1454 valet
715 1417 869 1462 „hastas
897 1417 959 1455 vel
987 1417 1149 1466 sagittas
1181 1417 1371 1462 mittere“,
1402 1419 1521 1466 prout
1552 1419 1761 1455 contextus

283 1484 413 1533 exigit,
453 1484 571 1522 veluti
603 1483 641 1521 J)
666 1487 744 1523 515
781 1475 873 1534 ἥσω
909 1477 989 1534 γὰρ
1025 1481 1098 1521 καὶ
1130 1478 1226 1534 ἐγώ,
1269 1496 1300 1533 φ
1330 1487 1410 1523 328
1439 1502 1491 1513 =
1519 1496 1555 1521 ω
1581 1487 1657 1523 177
1691 1477 1761 1521 ὁιά

284 1542 321 1589 (δ’
343 1540 420 1601 ἧκε·
453 1544 644 1601 σιδήρου,
676 1552 817 1601 quibus
838 1553 932 1590 locis
964 1552 1115 1590 obiecta
1146 1554 1184 1590 in
1213 1553 1485 1602 superioribus
1517 1552 1663 1590 diserte
1693 1564 1759 1590 no-

284 1622 364 1657 tata
395 1632 472 1657 non
505 1622 608 1657 sunt.
667 1620 848 1658 Ceterum
875 1621 1148 1670 interpretatio
1171 1620 1238 1658 illa
1263 1632 1328 1665 „er
1349 1623 1504 1658 stemmt
1525 1619 1608 1657 sich
1632 1619 1756 1658 nach“

285 1688 390 1726 haud
422 1689 515 1726 satis
538 1689 681 1727 bonum
704 1701 860 1727 sensum
892 1689 1066 1738 praebet,
1097 1688 1413 1738 quandoquidem
1445 1691 1644 1738 pugnator
1673 1701 1762 1738 pro-

284 1758 368 1807 prie
401 1770 478 1795 non
501 1770 553 1805 se,
585 1757 653 1795 sed
676 1758 823 1795 hastam
856 1762 1071 1807 promovet.
1130 1759 1213 1795 Nec
1236 1757 1474 1795 dissimiliter
1505 1759 1760 1806 compositum

286 1822 513 1876 ἐπερείδω,
552 1825 657 1875 quod
694 1825 741 1863 II
763 1830 842 1865 269
870 1843 923 1855 =
952 1838 963 1863 ι
993 1829 1073 1865 538
1116 1822 1305 1877 ἐπέρεισε
1345 1821 1389 1863 ὁὲ
1426 1817 1481 1863 ἶν’
1512 1817 1763 1877 ἀπέλεθρον

285 1895 533 1932 transitivum
566 1898 635 1942 est,
668 1893 707 1932 Ε
730 1897 809 1933 856
847 1890 1039 1944 ἐπέρεισε
1077 1890 1121 1931 δὲ
1157 1888 1335 1939 Παλλὰς
1365 1884 1525 1946 Ἀθήνη
1553 1893 1557 1943 1
1586 1891 1762 1932 νείατον

286 1962 327 2011 ἐς
357 1964 566 2013 κενεῶνα,
605 1979 841 2016 quamquam
874 1966 1104 2015 Ebelingius
1139 1965 1349 2015 dissuadet,
1385 1978 1433 2004 ex
1465 1965 1599 2004 eadem
1634 1978 1762 2012 causa,

286 2050 401 2087 quam
434 2036 548 2075 modo
582 2037 617 2074 in
647 2036 766 2074 verbo
797 2036 963 2085 simplici
992 2035 1118 2084 attuli,
1149 2047 1219 2083 pro
1252 2035 1457 2073 transitivo
1489 2034 1761 2084 accipiendum

287 2109 357 2144 est.
417 2105 489 2143 Hic
518 2105 678 2142 dubium
703 2116 786 2142 esse
810 2104 956 2152 nequit,
985 2103 1080 2152 quin
1103 2103 1263 2141 verbum
1297 2104 1345 2140 sit
1367 2102 1626 2152 transitivum,
1657 2102 1762 2152 quod

288 2175 326 2212 in
359 2173 495 2212 eodem
529 2184 645 2211 versu
678 2165 789 2222 ἔγχεϊ
816 2167 1003 2221 χαλκείῳ
1041 2171 1244 2216 antecedit,
1282 2170 1385 2208 unde
1417 2170 1609 2208 obiectum
1642 2163 1763 2220 ἔγχος

286 2234 491 2291 χάλκειον
522 2241 705 2278 facillime
736 2242 865 2289 potest
895 2240 1009 2277 simul
1040 2236 1211 2286 audiri.¹)

404 2309 464 2346 Ad
509 2311 723 2347 extremum
771 2307 1017 2345 intransitiva
1059 2307 1116 2344 vis
1158 2306 1264 2344 verbi
1311 2305 1348 2343 in
1395 2305 1630 2343 editionibus
1673 2309 1763 2344 ante

290 2376 514 2415 Bekkerum
547 2374 624 2424 (ΙΙ.)
658 2379 695 2414 et
726 2375 972 2414 Dindorfium
1004 2375 1121 2424 vulgo
1144 2374 1350 2424 legebatur
1379 2385 1404 2423 χ
1426 2376 1507 2412 450
1537 2369 1610 2410 καὶ
1638 2363 1675 2409 δ’
1699 2363 1764 2423 ἂρ)

290 2434 363 2482 επ)
386 2437 575 2492 αἰθούσῃ
605 2440 788 2481 τίθεσαν
825 2442 923 2490 (scil.
955 2438 1126 2488 νέκυας)
1162 2432 1361 2491 εὐερκέος
1392 2431 1524 2491 αὐλῆς
1551 2439 1556 2489 l
1584 2431 1764 2490 ιῖλλήλῃ·

292 2568 328 2598 et·
354 2560 564 2608 ἐρείδοντες
590 2562 752 2606 suppleri
776 2562 865 2596 vult.
915 2562 1016 2603 Quae
1034 2562 1158 2605 opinio
1175 2571 1282 2604 quam
1300 2569 1473 2603 perversa
1489 2560 1548 2603 sit,
1572 2558 1763 2594 confestim

291 2622 321 2655 is
347 2620 492 2663 sentiet,
518 2620 580 2664 qui
605 2619 697 2653 illud
722 2614 807 2654 οὐδὲ
828 2616 985 2653 δύναντο
1012 2613 1150 2653 αὐτὸν
1176 2612 1229 2660 ἄμ
1242 2613 1280 2661 φ’
1298 2611 1423 2663 αὐτῷ
1447 2615 1644 2659 πελεμίξαι
1669 2612 1763 2661 ε’ρεί-

293 2679 421 2717 δοντες
443 2673 642 2722 βελέεσσιν
668 2679 809 2710 vertere
835 2675 1006 2710 studebit.

406 2732 432 2776 1)
466 2732 565 2766 Idem
596 2732 704 2766 docet
728 2733 780 2765 La
804 2730 976 2775 Rochius,
1006 2728 1179 2765 Zeitsehr.
1204 2728 1224 2763 t.
1250 2728 1284 2763 d.
1307 2728 1516 2764 {ister-reich.
1541 2727 1764 2772 Gymnasien

297 2791 392 2832 1870,
416 2799 451 2832 p.
471 2791 544 2822 135.
