1830 3201
300 181 380 216 288

299 293 375 340 ρεῖ,
413 301 513 339 quae
549 291 728 338 spectant
766 287 814 325 ad
846 287 970 325 Thuc.
1002 287 1068 336 IV,
1098 290 1162 336 21,
1193 287 1241 325 cf.
1270 291 1335 337 27,
1363 291 1397 327 3.
1466 288 1570 326 Idem
1610 290 1776 329 recurrit

298 358 417 395 schol.
437 358 534 406 Equ.
553 359 645 405 668,
674 356 793 394 schol.
812 356 928 404 Vesp.
950 357 1000 393 41
1026 355 1049 392 l.
1067 358 1131 405 51,
1159 368 1397 405 quamquam
1420 357 1480 394 1110
1500 368 1523 394 a
1538 357 1774 396 Philochoro

299 423 522 472 dependere
552 422 709 460 videtur
739 422 969 460 scholiastes
1000 424 1161 471 propter
1190 422 1286 460 illud
1317 415 1433 473 „5sz
1457 416 1535 461 δύο
1558 418 1670 460 ἐτῶν
1697 421 1775 473 τῆς

300 486 576 535 διδασκαλίας
612 482 778 527 τούτου
815 488 896 526 τοῦ
935 482 1191 539 ὁράματοςίζ,
1229 502 1344 539 quem
1376 491 1424 529 de
1455 491 1588 529 eadem
1629 492 1701 530 hac
1732 504 1774 531 re

299 558 519 596 consultum
551 569 634 595 esse
667 557 781 595 docet
814 557 933 595 schol.
962 558 1052 594 Pac.
1077 559 1169 596 665.
1228 557 1374 596 Eodem
1407 558 1575 607 denique
1606 559 1776 608 pertinet

297 626 437 664 scholii
468 626 558 662 Pac.
585 627 665 663 482
698 624 760 672 (cf.
794 625 900 663 Suid.
932 617 1192 674 σαοκάζων),
1229 626 1458 674 ceteroquin
1490 638 1510 663 e
1541 626 1774 665 scholiastae

298 694 420 743 ipsius
442 693 665 742 cognitione
693 693 833 738 hausti,
864 693 887 729 l.
908 695 972 731 43.
1001 695 1071 730 44:
1103 687 1175 728 καὶ
1197 685 1453 742 ἐπεθύμουν
1483 692 1549 740 (sc.
1570 695 1774 743 Megaren-

298 760 375 803 ses)
409 756 488 809 μὲν
524 757 599 810 τῆς
636 752 822 810 εἰρήνης,
865 751 935 796 διὰ
966 755 1011 796 δὲ
1048 752 1152 805 τούς
1184 749 1441 810 Ἀθηναίους
1478 752 1774 807 ἀνεβάλλοντο

300 818 450 878 αὖτήν,
482 818 539 872 ὥς
562 835 665 878 φησι
692 823 978 878 Θουκυδίδης,
1011 840 1111 876 quae
1142 829 1226 865 sine
1249 827 1366 865 dubio
1398 829 1570 877 genuina
1600 829 1653 866 ita
1683 829 1774 868 olim

299 896 599 934 exhibebantur:
632 887 702 932 διὰ
733 891 779 932 δὲ
810 888 914 939 τοὺς
941 884 1199 945 Ἀθηναίους,
1231 885 1493 942 ἀνεβάλλετο
1526 886 1647 946 αὐτή.

413 974 478 1020 12)
524 975 564 1012 111
598 974 718 1011 schol.
743 974 775 1010 V
806 975 896 1011 Pac.
924 976 1004 1013 435
1042 974 1139 1012 haec
1178 974 1299 1011 habes
1336 986 1384 1012 ex
1420 974 1585 1013 historia
1621 979 1776 1024 sumpta

298 1043 335 1089 (l.
362 1042 569 1088 44—49J:
618 1037 665 1078 ἐν
708 1031 817 1092 ἀρχῇ
850 1032 930 1091 γὰρ
977 1038 1058 1078 τοῦ
1106 1040 1533 1093 Πέλοποννησιακοῦ
1575 1039 1775 1093 πολέμου

297 1106 516 1159 πεμφθεὶς
546 1100 811 1160 πρεσβευτὴς
844 1098 1177 1160 ὁΆῙεληοίππος
1210 1098 1294 1147 ὑπὸ
1323 1107 1686 1160 Λακίςόάιμονίων
1717 1106 1776 1155 εἰς

299 1171 374 1221 τὰς
415 1167 596 1226 Ἀθήνας
644 1169 702 1222 ὡς
742 1166 821 1226 οὔχ
860 1166 1122 1227 ἐπήκουσαν
1164 1171 1205 1213 οἱ
1249 1168 1461 1228 Ἀθηναῖοι
1501 1168 1628 1228 ἠξίου
1673 1178 1711 1225 (1.
1743 1191 1775 1217 0.

297 1257 415 1283 ausus
437 1249 506 1295 est,
536 1246 705 1282 animum
728 1245 880 1282 induxit
903 1247 944 1282 ut
966 1245 1125 1294 diceret,
1157 1244 1205 1283 cf.
1227 1246 1360 1294 Eurip.
1383 1245 1505 1283 Andr.
1528 1248 1620 1295 659,
1650 1247 1772 1284 Thuc.

298 1316 325 1359 I⁷
352 1316 440 1361 132,
462 1317 497 1361 2,
529 1310 700 1362 saepius)
734 1304 1122 1362 cinaissanofflwog
1146 1307 1307 1351 λοιπὸν
1338 1309 1410 1351 καὶ,
1440 1307 1674 1364 γενόμενος
1704 1309 1776 1352 ἐπὶ

297 1385 388 1425 τοῖς
419 1370 556 1431 ὁρίοις
587 1376 726 1418 εἰπεῖν
757 1369 816 1425 ῶς
846 1372 921 1430 ἥδε
945 1370 970 1432 ἦ
994 1369 1128 1431 ἡμέρα
1159 1379 1341 1418 πολλῶν
1369 1377 1442 1418 καὶ
1472 1374 1676 1432 μεγάλων
1703 1393 1773 1420 κα-

297 1447 392 1486 κῶν
428 1453 520 1494 τοῖς
547 1440 749 1500 Ἕλλησιν
786 1439 917 1499 ἄρξει.
978 1450 1128 1487 Hausta
1159 1452 1250 1487 sunt
1280 1450 1401 1488 verba
1438 1462 1458 1487 e
1489 1450 1614 1487 Thuc.
1640 1450 1688 1499 II,
1713 1453 1774 1497 12,

301 1520 418 1565 1—4,
459 1517 564 1566 apud
603 1529 729 1566 quem,
767 1529 852 1554 cum
891 1517 1085 1560 Aristides
1123 1518 1169 1563 II,
1204 1519 1281 1556 175
1324 1516 1371 1555 de
1410 1517 1618 1566 Lysandro
1654 1518 1775 1556 verba

297 1586 446 1623 faciens
487 1585 589 1622 dicat
632 1597 717 1622 eum
759 1584 876 1622 fuisse
915 1582 1104 1621 πολλῶν
1144 1580 1213 1621 καὶ
1254 1577 1457 1634 μεγάλων
1493 1582 1645 1622 κακῶν
1682 1588 1775 1630 τοῖς

285 1644 490 1703 Ἕλλησιν
520 1643 725 1703 ἄρξαντα,
758 1651 1086 1698 801110οᾶ0111015)
1118 1655 1230 1701 putat
1261 1664 1281 1690 e
1313 1653 1547 1690 scholiastae
1579 1664 1773 1690 consensu

294 1733 408 1769 posse
440 1721 637 1758 concludi:
670 1720 725 1758 ‘in
758 1720 888 1770 aliquo
921 1720 1056 1758 codice
1086 1717 1274 1757 πολλῶν
1303 1716 1376 1756 καὶ
1405 1713 1606 1770 μεγάλων
1636 1732 1775 1758 revera

294 1789 552 1838 perscriptum
585 1788 706 1826 fuisse
744 1800 911 1838 cumque
941 1786 1128 1825 πολλῶν
1161 1791 1250 1826 ante
1280 1780 1485 1837 μεγάλων
1515 1791 1677 1837 propter
1708 1788 1774 1826 ho-

295 1857 580 1894 moeoteleuton
620 1856 734 1894 facile
772 1856 955 1895 excidere
992 1857 1177 1906 potuerit,
1212 1853 1397 1892 πολλῶν
1434 1851 1507 1892 καί
1544 1868 1628 1894 esse
1665 1857 1774 1894 resti—

295 1919 511 1962 tuendum'.
578 1923 692 1971 Quod
736 1924 825 1961 mihi
868 1937 946 1961 11011
988 1924 1154 1962 videtur.
1218 1924 1317 1962 Nam
1358 1924 1524 1974 primum
1564 1926 1659 1973 puto
1698 1924 1774 1962 hoc

294 1992 405 2040 quasi
437 1991 581 2029 dictum
614 1991 807 2041 quoddam
840 1991 972 2041 fuisse,
1003 1995 1046 2030 ut
1075 1990 1268 2029 Aristides
1299 1990 1574 2040 Thucydidem
1607 2003 1684 2029 non
1717 1991 1773 2028 in-

295 2060 480 2109 spexerit,
511 2060 624 2097 immo
657 2072 677 2097 e
700 2060 884 2098 memoria
915 2059 1129 2108 scripserit,
1159 2061 1201 2097 ut
1231 2056 1414 2096 πολλῶν
1434 2055 1507 2095 καί
1536 2059 1575 2096 111
1598 2059 1666 2096 tali
1688 2070 1773 2097 sen-

293 2128 415 2165 tentia
455 2130 532 2164 tam
574 2127 758 2165 usitatum
800 2126 916 2165 facile
954 2127 1129 2176 potuerit
1167 2127 1276 2174 addi,
1323 2126 1462 2164 deinde
1505 2129 1646 2176 autem,
1686 2139 1772 2164 cum

293 2197 408 2232 antea
440 2194 652 2232 viderimus
691 2195 729 2232 in
762 2195 988 2233 universum
1029 2207 1106 2233 non
1136 2194 1249 2232 aliam
1287 2194 1459 2232 historici
1494 2196 1625 2232 textus
1661 2206 1774 2232 usur-

294 2265 422 2311 patam
454 2274 538 2300 esse
576 2263 844 2300 recensionem
887 2275 933 2301 ac
971 2274 1042 2300 nos
1080 2263 1280 2310 habemus,
1316 2274 1338 2298 a
1368 2261 1581 2299 scholiasta
1618 2260 1772 2299 demum

294 2329 375 2366 sivc
406 2330 659 2378 grammatico
692 2333 786 2379 puto
818 2330 968 2368 illatum
998 2342 1082 2368 esse
1114 2329 1208 2367 illud
1230 2326 1414 2366 πολλῶν
1434 2325 1519 2375 καί,
1552 2340 1667 2378 quem
1700 2329 1771 2367 uti-

294 2409 369 2445 que
414 2410 491 2434 non
529 2400 612 2435 arte
655 2398 716 2436 hie
752 2397 999 2447 Thucydidis
1036 2397 1200 2446 vestigia
1238 2397 1415 2435 videmus
1455 2397 1662 2446 pressisse,
1702 2396 1772 2435 sed

293 2463 413 2501 verba
443 2465 572 2513 potius
604 2477 624 2503 e
646 2466 830 2503 memoria
860 2465 1092 2514 reddidisse,
1124 2468 1165 2503 ut
1196 2464 1330 2502 eadem
1363 2476 1492 2512 causa,
1529 2476 1606 2513 qua
1635 2463 1773 2502 Aristi·

294 2532 375 2581 des,
406 2535 727 2581 commoveretur,
760 2537 802 2571 ut
832 2533 952 2572 verba
984 2532 1158 2579 adderet,
1196 2544 1334 2581 nempe
1366 2544 1410 2570 ea
1448 2531 1551 2581 quod
1583 2530 1698 2569 valde
1733 2532 1772 2569 in

295 2611 366 2637 usu
409 2602 492 2637 erat
534 2599 722 2637 eiusmodi
763 2600 884 2638 verba
921 2612 1173 2650 componere:
1217 2594 1404 2637 πολλῶν
1445 2595 1519 2636 καὶ
1556 2591 1769 2648 μεγάλων.

292 2667 335 2703 Iu
371 2666 615 2715 Thucydidis
654 2679 747 2715 ergo
779 2670 928 2705 textum
966 2668 1088 2706 verba
1123 2678 1418 2716 supervacanea
1454 2665 1598 2704 inferre
1636 2665 1772 2715 utique

408 2795 450 2839 19)
483 2793 538 2830 ef.
564 2795 585 2830 1.
604 2804 633 2830 a.
655 2806 691 2840 p.
712 2798 761 2829 18.
780 2798 832 2831 41.
