1815 3231
1439 175 1517 209 373

154 281 347 329 1)s01101.
380 283 452 320 Av.
488 286 612 333 1073,
656 284 717 321 ubi
760 283 837 321 duo
878 287 1033 321 exstant
1074 284 1221 321 scholia
1262 283 1309 320 ad
1352 283 1517 320 cundem

39 346 230 400 (Didymi)
263 351 584 388 commentarium
618 350 856 400 recedentia,
888 363 1053 400 quorum
1087 351 1196 400 prius
1228 351 1408 389 1.9-1:-3
1444 351 1518 387 Me-

40 418 228 456 lanthium
251 418 374 456 solum
408 419 533 467 affert,
565 418 729 456 alterum
756 424 959 467 praetcrea
983 418 1197 456 Craterum.
1258 417 1317 455 Ad
1352 417 1517 455 eundem

40 486 242 524 Craterum
286 485 334 523 de
374 485 508 523 eodem
548 486 721 533 Diagora
762 487 931 535 pertinet
971 486 1093 522 schol.
1126 486 1222 522 Ran.
1255 488 1345 524 320.
1409 484 1519 521 Deni-

39 566 116 602 que
153 553 202 590 ad
234 552 334 590 idem
367 553 495 590 scelus
533 555 686 601 spectat
717 553 835 591 schol.
868 554 969 590 Nub.
1002 556 1098 591 302:
1146 540 1198 589 οὗ
1229 548 1370 599 oddag:
1403 543 1520 589 ὅπου

40 611 231 669 σέβασμα
263 615 350 657 ἐστι
390 616 460 656 καὶ
497 609 725 670 ἀπόρρητα
762 613 989 670 μυστήρια.
1041 616 1138 656 λίαν
1166 612 1246 669 γὰρ
1284 609 1437 663 αὖτοῖ..Ι
1469 612 1519 655 τὸ

39 679 96 737 μὴ
119 681 459 737 ἐξαγγέλλεσθαι
487 685 628 723 ταῦτα
650 680 924 736 ἐσπούδαζον
952 688 1171 736 (hucusque
1195 686 1290 732 RV).
1331 688 1375 724 Iu
1398 688 1522 724 altera

39 755 268 794 recensione
300 754 493 792 additum:
536 746 603 791 ὅτι
636 750 678 792 (δὲ
713 751 812 791 λίαν
843 745 1121 802 ἐσπούὸαζον
1151 750 1248 803 περὶ
1282 747 1333 790 τὰ
1367 747 1521 803 μυστή-

37 833 107 872 ρια
140 817 276 873 δῆλον
314 816 361 857 ἐκ
397 818 480 857 τοῦ
512 817 791 872 ψηφίσματος
827 817 1074 871 Μεγαρέων,
1112 821 1216 870 quod
1252 834 1298 859 ex
1331 822 1415 859 aliis
1447 821 1522 858 illis

37 890 194 928 scholiis
233 889 346 928 modo
385 889 513 927 allatis
551 894 676 927 ortum
715 889 809 927 vitio
849 894 1076 938 corruptum
1116 892 1190 933 est,
1229 901 1313 926 cum
1352 889 1443 938 quid
1482 889 1520 926 in

38 958 105 995 tali
129 970 170 995 re
201 957 401 995 decretum
425 957 716 1005 Megarensium
750 957 820 994 sibi
846 957 937 994 velit
968 969 1043 994 non
1068 956 1331 1004 intellegatur.
1392 956 1520 993 Facile

37 1029 197 1063 sanatur
229 1025 258 1062 si
290 1037 360 1073 pro
395 1019 630 1073 Μεγαρέων
660 1024 797 1061 scribis
825 1016 1061 1074 Διαγόρου;
1104 1023 1148 1061 ef.
1180 1024 1339 1061 Diodor.
1360 1024 1463 1069 XIII,
1486 1026 1519 1062 6.

42 1095 106 1141 173
140 1091 372 1138 Meinekins,
405 1092 426 1128 l.
449 1104 480 1128 3.
513 1105 547 1140 p.
572 1092 668 1135 7183
701 1091 897 1129 Krechius
930 1091 1003 1139 frg.
1029 1094 1089 1129 14.

151 1156 191 1206 2)
233 1157 360 1196 Schol.
383 1159 474 1207 Lys.
498 1161 595 1207 3133
629 1158 676 1196 cf.
708 1158 823 1196 Mein.
855 1172 891 1207 p.
916 1160 1006 1204 719,
1039 1159 1103 1207 qni
1137 1158 1234 1195 bene
1267 1158 1429 1195 mutavit
1461 1153 1520 1193 δέ·

37 1238 176 1264 καῖον
211 1227 233 1264 l.
265 1230 287 1265 3
327 1227 363 1264 in
403 1220 665 1262 ἐπιδέκατον
701 1224 764 1272 (cf.
799 1226 1137 1274 Dittenbergerus,
1174 1226 1335 1275 Sylloge
1368 1228 1429 1273 10,
1458 1229 1520 1264 35.

42 1297 102 1340 12,
126 1297 188 1333 24.
221 1297 284 1342 63,
306 1297 357 1332 57
381 1294 536 1342 saepius
564 1296 602 1330 et
628 1306 663 1341 p.
685 1295 764 1331 482
790 1293 876 1330 adn.
901 1288 960 1342 2);
991 1293 1204 1330 Muellerus
1228 1293 1300 1340 frg.
1326 1296 1392 1341 113
1425 1294 1520 1330 Kre-

38 1361 148 1400 chius
179 1361 254 1411 frg.
279 1364 339 1399 15.
400 1362 457 1398 Dc
490 1360 715 1409 Phrynicho
748 1361 795 1398 cf.
823 1360 943 1398 Thuc.
974 1362 1038 1409 54,
1067 1363 1107 1403 3;
1141 1362 1204 1408 90,
1233 1362 1283 1398 92
1323 1364 1359 1396 et
1392 1359 1521 1397 multis

37 1430 123 1466 aliis
154 1429 263 1466 10010.
309 1429 400 1477 Lys.
424 1428 602 1465 Leocrat.
627 1430 716 1466 115.
777 1426 863 1474 Quo
895 1431 1070 1476 tempore
1112 1428 1184 1464 hoc
1216 1427 1414 1464 decretum
1455 1427 1520 1464 da-

38 1502 118 1535 tum
151 1500 265 1545 esset,
304 1496 404 1533 bene
437 1495 617 1544 exposuit
648 1494 860 1543 Gilbertus,
898 1494 1079 1542 Beitrsge
1111 1506 1147 1542 p.
1170 1496 1261 1533 333.
1322 1495 1400 1531 Iam
1433 1507 1518 1532 cum

39 1576 140 1614 quae
182 1576 268 1601 cum
307 1563 525 1612 Phrynichi
566 1561 668 1600 Sami
710 1562 933 1611 proditione
975 1557 1042 1611 (cf.
1078 1562 1200 1599 Thuc.
1237 1562 1339 1611 VIII,
1371 1560 1439 1607 50)
1481 1566 1519 1599 et

38 1643 174 1680 poena,
213 1631 261 1668 de
293 1643 380 1680 qua,
420 1642 504 1668 cum
538 1635 626 1679 post
658 1629 970 1679 quadringentos
1002 1641 1162 1667 eversos
1199 1630 1386 1678 evenerit,
1426 1629 1519 1666 1111111

39 1700 155 1737 1131001
185 1698 453 1747 Thucydides,
495 1698 722 1735 mulieribus
760 1698 810 1734 sit
849 1696 1100 1734 necessitudo
1143 1708 1220 1734 non
1257 1697 1520 1745 intellegatur,

38 1780 206 1818 cumque
237 1766 433 1816 quomodo
466 1763 566 1802 τῶν
597 1760 644 1802 ἐν
675 1758 814 1814 Σάμῳ
846 1761 1148 1814 στρατηγῶν
1185 1764 1313 1802 dicere
1348 1765 1520 1813 potuerit

38 1838 166 1885 poeta,
206 1835 236 1872 si
268 1834 317 1871 ad
349 1834 451 1871 113110
482 1846 560 1870 rem
594 1833 764 1870 voluerit
801 1832 1021 1879 ostendere,
1062 1844 1139 1869 non
1177 1835 1371 1877 cernatur,
1413 1838 1518 1869 recte

38 1906 132 1953 puto
177 1902 316 1940 fecisse
358 1897 707 1947 Hamvardtium‘2)‚
754 1899 858 1948 quod
905 1898 1041 1936 falsam
1089 1910 1173 1936 esse
1219 1898 1320 1936 113110
1361 1898 1519 1947 Didymi

38 1971 400 2020 interpretationem
438 1968 584 2006 statuit.
652 1968 779 2006 Unum
818 1979 895 2004 non
933 1970 1038 2004 recte
1073 1965 1181 2015 fecit,
1221 1965 1325 2015 quod
1362 1970 1519 2015 praeter

39 2038 249 2088 Didymum
284 2038 445 2076 Cratero
479 2037 582 2074 hunc
609 2047 782 2073 errorem
805 2035 951 2084 tribuit,
982 2046 1097 2083 quem
1120 2034 1236 2071 huius
1258 2035 1314 2071 rei
1335 2034 1520 2072 innocen—

38 2111 115 2145 tem
148 2118 231 2144 esse
267 2106 312 2143 iis
351 2117 452 2154 quae
489 2104 527 2141 in
561 2116 644 2152 cap.
674 2103 691 2140 Ι
730 2102 777 2140 de
809 2101 936 2139 verbis
968 2096 1154 2151 Δίδυμος
1193 2097 1262 2137 καὶ
1296 2094 1520 2151 Κράτερος

39 2175 118 2212 dixi
149 2173 355 2223 probatur3
393 2173 507 2209 immo
547 2171 644 2209 11300
681 2170 801 2207 verba
839 2174 944 2207 recte
976 2182 998 2207 a
1035 2180 1094 2206 me
1131 2168 1325 2217 explicata
1355 2180 1441 2207 esse
1478 2180 1519 2206 re

40 2244 199 2280 inversa
230 2241 293 2279 vel
314 2240 405 2279 inde
438 2240 627 2289 sequitur,
659 2237 765 2287 quod
797 2237 859 2275 hic
881 2237 1037 2275 omnino
1068 2236 1116 2274 ad
1138 2237 1408 2285 Phrynichum
1439 2249 1518 2275 non

40 2309 213 2349 ostendit
243 2313 372 2358 poeta,
405 2308 472 2357 qui
504 2306 599 2356 quid
630 2305 869 2343 intellexerit
900 2304 1078 2353 exposuit
1108 2303 1392 2341 Harwardtius.

152 2375 193 2423 3)
237 2376 366 2415 Schol.
387 2375 493 2413 Eccl.
518 2376 637 2423 1089,
669 2373 733 2411 ubi
754 2373 852 2411 bene
874 2385 946 2422 pro
970 2370 1188 2421 Κρατῖνος
1216 2371 1388 2410 restituit
1409 2362 1519 2422 Κρά-

156 2509 184 2549 ¹)
219 2506 274 2542 Cf.
300 2505 517 2548 Meinekius,
548 2503 673 2548 Steph.
696 2503 848 2547 Byzant.
875 2503 978 2546 epim.
1006 2502 1021 2535 I
1050 2513 1085 2546 p.
1106 2505 1280 2545 714sqq.3
1313 2502 1520 2543 Muellerus,

40 2564 124 2607 Frg.
141 2562 175 2597 h.
193 2573 245 2607 gr.
268 2562 299 2596 II
325 2573 360 2605 p.
380 2565 461 2606 6173
495 2561 688 2602 Kiechius,
713 2559 768 2593 De
794 2559 932 2593 Crateri
957 2557 1155 2602 psephism.
1183 2561 1396 2602 σιναγωγῇ,
1425 2559 1519 2592 Berl.

45 2623 139 2663 1888,
165 2619 226 2662 qui
252 2619 288 2652 in
306 2618 376 2653 fine
395 2618 562 2662 opusculi
588 2627 717 2651 novam
740 2615 934 2659 proposuit
952 2614 1238 2658 fragmentorum
1256 2614 1520 2657 collectionem,

40 2685 257 2719 quamquam
295 2674 397 2708 nisus
434 2674 479 2707 iis
516 2682 609 2716 quae
649 2672 811 2706 Cobetus
844 2671 967 2705 attulit
997 2671 1125 2704 Mnem.
1156 2670 1197 2704 N.
1222 2669 1255 2704 S.
1286 2670 1301 2703 I
1326 2681 1361 2714 p.
1386 2673 1520 2714 9901111.

43 2732 167 2776 paullo
192 2731 368 2765 audacius
393 2730 479 2763 mihi
504 2730 653 2764 videtur
678 2738 758 2763 esse
783 2737 1013 2771 progressus.

153 2789 182 2829 2)
215 2785 270 2822 Cf.
298 2787 351 2821 De
375 2786 613 2830 Aristophan.
639 2784 867 2819 irrisionibus
893 2784 1074 2826 Kenigsb.
1098 2786 1178 2817 1533
1205 2793 1238 2826 p.
1263 2786 1310 2816 ll.
1338 2786 1387 2816 12.
