1830 3201
291 193 343 229 54

288 302 521 339 ardescendi
567 301 615 338 ad
654 302 875 350 generalem
913 302 1017 339 illam
1059 302 1174 347 „ferri
1205 314 1291 339 cum
1323 301 1491 350 impetu“
1530 302 1754 351 pervenerit

287 369 549 416 Quamobrem
596 369 668 406 ista
706 368 887 407 deductio
933 369 1079 418 aliquid
1123 368 1317 407 artificiosi
1360 369 1559 407 continere
1595 369 1764 407 videtur.

285 438 496 474 Praeterea
534 436 747 485 permirum
780 440 837 474 est
874 436 1036 474 verbum
1069 429 1168 473 θύω
1208 437 1267 474 cui
1303 436 1482 474 inhaeret
1518 436 1765 475 sacrificandi

285 504 390 541 notio
423 515 589 552 semper,
622 515 739 541 versu
773 515 795 540 o
827 502 950 550 222¹)
983 507 1157 553 excepto,
1189 504 1396 553 omniaque
1428 503 1601 542 eiusdem
1632 504 1764 554 stirpis

286 570 464 608 derivata
487 570 679 609 vocabula
710 571 942 620 plerumque
974 572 1148 609 vocalem
1182 582 1206 607 υ
1239 571 1383 609 habere
1415 574 1648 621 correptam,
1678 583 1766 610 ver·

285 637 374 675 bum
407 641 543 675 contra
574 630 675 689 θύω
714 638 776 675 cui
815 638 992 676 inhaeret
1024 638 1184 677 furendi
1216 639 1321 676 notio
1360 639 1567 688 omniaque
1604 638 1766 677 huiusce

286 705 419 755 stirpis
451 705 628 743 derivata
658 705 850 743 vocabula
880 706 1054 744 vocalem
1091 718 1111 741 ι’
1149 705 1292 744 habere
1329 717 1484 755 semper
1518 705 1748 755 productam

399 785 583 822 Fortasse
624 784 742 832 igitur
780 796 867 822 cum
905 784 1178 822 Autenriethio
1217 787 1255 822 et
1290 785 1335 822 L.
1364 783 1567 833 Meyero2)
1603 784 1766 823 verbum

286 851 461 889 similiter
492 854 612 900 atque
642 846 789 901 ἑρωέω
822 851 927 898 (vide
958 850 1076 898 infra)
1108 852 1145 889 in
1179 851 1257 889 duo
1285 852 1406 890 verba
1437 851 1650 890 secandum
1682 852 1771 890 erit.

287 919 339 956 At
361 917 535 956 concedo
569 931 627 956 me
650 931 727 956 non
751 930 835 956 esse
857 922 934 956 tam
957 931 1125 968 gnarum
1157 921 1457 968 praeceptorum
1488 919 1766 968 grammaticae
1827 918 1828 942 ³

289 987 591 1035 comparativae,
612 988 654 1024 ut
676 986 776 1024 hanc
799 987 1069 1035 quaestionem
1092 986 1140 1024 ad
1163 986 1352 1036 liquidum
1373 986 1516 1036 possim
1537 986 1767 1036 perducere.
1827 979 1828 994 ³

605 1186 644 1227 B.
694 1186 747 1228 De
779 1186 909 1228 verbis
941 1184 1175 1238 splendendi
1208 1185 1248 1227 et
1279 1185 1456 1227 ardendi.

845 1275 883 1317 1.
929 1275 1220 1329 προφαίνω.

402 1367 549 1418 φαίνω
583 1370 646 1416 (ex
679 1363 862 1418 mciv—sco)
893 1372 1046 1420 spectat
1077 1370 1125 1408 ad
1163 1368 1329 1416 „bhan“,
1371 1369 1540 1407 radicem
1577 1370 1768 1408 secunda-

288 1439 383 1476 riam
416 1451 436 1475 e
468 1437 591 1484 „bha“
624 1438 853 1487 profectam,
885 1438 959 1487 cui,
990 1438 1102 1475 sicuti
1136 1450 1184 1475 ex
1215 1437 1334 1475 verbo
1366 1435 1603 1475 Sanscritico
1639 1436 1765 1483 ‚,bha“

290 1505 525 1556 (splendere,
565 1503 777 1554 apparere)
820 1506 1006 1554 colligere
1053 1505 1164 1542 nobis
1210 1505 1317 1549 licet,
1362 1504 1647 1542 intransitivam
1691 1505 1767 1542 vim

290 1572 467 1622 fulgendi
498 1573 562 1611 vel
595 1572 751 1611 lucendi
783 1573 987 1611 inhaerere
1021 1571 1231 1610 verisimile
1263 1574 1330 1609 est.
1377 1571 1653 1610 Cf.Curt-Et.5
1671 1574 1768 1621 2963
1826 1587 1827 1592 ¹

292 1637 480 1679 Vanicek.
500 1641 547 1686 II,
578 1643 675 1683 572;
722 1639 851 1678 Fiek.3
882 1641 928 1686 II,
960 1642 1056 1684 1633
1103 1639 1147 1676 L.
1169 1640 1326 1688 Meyer„
1357 1639 1491 1688 Vergl.
1513 1638 1597 1678 Gr.‘-'
1628 1640 1654 1685 I,
1678 1641 1768 1688 749,

291 1709 535 1757 maximeque
568 1708 615 1746 de
648 1708 772 1756 prima
804 1706 1090 1756 significatione
1121 1705 1331 1744 statuenda
1361 1706 1511 1756 Kluge‚
1543 1707 1603 1744 Et.
1626 1707 1712 1745 Wb.
1733 1707 1768 1745 d.

291 1776 503 1815 deutschen
535 1775 651 1825 Sprfl,
682 1775 914 1823 Strassburg
948 1777 1065 1819 1889,
1097 1786 1124 1812 s.
1147 1787 1182 1812 v.
1206 1772 1429 1818 „bohnen“.

403 1856 513 1902 Quae
551 1855 800 1892 intransitiva
830 1856 1005 1904 potestas
1036 1856 1193 1892 servata
1225 1855 1283 1891 est
1315 1864 1393 1890 non
1426 1852 1548 1890 solum
1581 1865 1603 1890 a
1633 1853 1768 1891 mediis
1826 1890 1827 1897 ,

291 1927 520 1962 cunctorum
553 1922 774 1971 verborum,
806 1934 908 1971 quae
941 1921 990 1959 ad
1019 1921 1180 1959 eandem
1203 1921 1365 1970 stirpem
1387 1920 1544 1958 lucendi
1568 1924 1767 1970 utcunque

291 1992 497 2040 pertinent,
531 1990 599 2029 sed
632 1991 746 2028 etiam
778 1990 825 2028 ab
858 1989 995 2027 activis
1027 1988 1305 2027 nonnullorum
1331 1988 1552 2034 verborum,
1583 1991 1626 2026 ut
1656 1999 1768 2039 παμ-
1826 2009 1827 2012 =

291 2056 436 2108 φαίνω
458 2057 634 2107 (verbum
654 2057 889 2096 intensivum
908 2059 966 2095 est
988 2056 1141 2106 syllaba
1157 2066 1247 2104 φαν
1264 2055 1464 2105 duplicata
1479 2055 1639 2104 fictum),
1661 2055 1767 2106 quod

290 2128 454 2165 verbum
487 2138 640 2175 semper
671 2125 960 2163 intransitivum
993 2128 1067 2169 est:
1098 2124 1200 2162 adde
1232 2123 1347 2161 etiam
1380 2123 1542 2161 formam
1565 2116 1659 2171 φάε.
1706 2123 1767 2162 Ad
1825 2120 1826 2127 ¹

293 2196 360 2233 illa
399 2193 593 2231 aeeedunt
630 2188 882 2242 noooealvco,
924 2192 1029 2241 quod
1072 2191 1233 2230 verbum
1271 2190 1392 2228 semel
1430 2189 1534 2238 apud
1567 2191 1681 2228 Hom.
1711 2191 1767 2229 in-

293 2262 535 2300 transitivam
576 2272 671 2310 prae
712 2272 755 2297 se
797 2260 900 2297 ferre
942 2260 1137 2297 notionem
1180 2258 1273 2296 mihi
1313 2257 1486 2303 videtur,
1530 2260 1568 2296 et
1607 2254 1765 2306 φαίνω,
1825 2265 1826 2269 ’

294 2330 399 2379 quod
439 2332 569 2367 tamen
613 2341 661 2366 ex
701 2339 786 2364 mea
827 2327 981 2376 quidem
1025 2326 1209 2376 opinione
1247 2338 1269 2363 a
1299 2325 1584 2374 posterioribus
1614 2328 1765 2364 tantum
1825 2325 1826 2361 ἶ

294 2398 436 2448 poetis,
478 2409 555 2434 non
594 2395 642 2433 ab
674 2396 845 2433 Homero
884 2394 1132 2432 intransitive
1172 2396 1401 2442 usurpatum
1440 2395 1509 2430 est.
1567 2394 1626 2432 De
1657 2393 1765 2431 verbi

295 2461 439 2513 φαίνω
481 2476 553 2502 usu
585 2463 795 2501 Homerico
837 2461 939 2500 infra
977 2474 1102 2510 agam.
1163 2461 1279 2499 Verbi
1315 2456 1555 2510 προφαίνω
1586 2461 1765 2499 intransi-

409 2586 435 2624 1)
466 2581 599 2625 Opinio
617 2579 876 2622 Doederleinii,
902 2580 994 2614 hom.
1012 2579 1067 2614 Gl.
1087 2590 1139 2614 nr.
1158 2582 1254 2621 2474,
1279 2579 1342 2622 qui
1368 2581 1439 2613 θῦε
1463 2579 1498 2613 in
1525 2581 1623 2614 θῦσε
1647 2589 1764 2614 emen-

297 2640 372 2674 dari
404 2638 500 2682 vult,
536 2647 685 2681 prorsus
719 2636 925 2680 spernenda
956 2639 1029 2679 est,
1066 2636 1198 2670 etenim
1230 2633 1479 2679 imperfectum
1515 2637 1586 2670 θῦε
1618 2638 1766 2679 propter
1828 2635 1830 2645 '

297 2693 554 2729 antecedentia
575 2690 790 2735 imperfecta
814 2696 967 2725 πονεῖτο
993 2695 1030 2725 et
1055 2686 1186 2735 ὤχετο
1212 2690 1359 2724 retineri
1383 2693 1539 2734 oportet.
1586 2690 1641 2725 De
1658 2700 1764 2725 voca-

298 2752 341 2785 lis
370 2763 386 2784 v
412 2748 653 2793 productione
678 2748 921 2782 coniecturam
947 2747 1099 2791 protulit
1123 2746 1275 2781 Faesius
1300 2746 1344 2780 ad
1371 2745 1403 2780 h.
1422 2747 1444 2781 l.

408 2807 437 2848 2)
465 2804 548 2848 Vgl.
567 2804 646 2838 (alr.2
664 2803 691 2846 Ι,
708 2805 770 2838 662
786 2813 839 2846 sq.
