1815 3231
1460 198 1506 217 .)·ι

1461 216 1509 231 ...Ι

32 289 202 338 quenter
233 291 459 326 occurrunt.
520 289 619 326 Dein
653 292 788 337 aperte
822 302 868 326 ca
897 289 1013 326 verba
1046 303 1165 339 supra
1195 292 1324 340 allata,
1362 294 1394 329 in
1430 294 1510 341 qui-

32 358 105 394 bus
142 355 352 405 singularis
389 357 496 393 notio
535 356 730 394 simillime
772 357 995 404 generalior
1032 361 1087 394 est
1127 359 1240 406 saeta,
1279 361 1509 397 sententiani

32 425 204 462 nostram
228 423 445 461 firmissime
467 423 678 462 stabiliunt.
726 424 856 470 Quid?
903 425 944 461 ln
964 424 1082 461 verbo
1105 430 1236 463 nostro
1264 427 1506 469 „instillas-n*

33 504 164 530 nonne
195 492 417 540 exemplum
452 492 616 529 maxime
649 491 831 529 idoneum
867 493 1065 541 habemus,
1103 507 1178 542 quo
1211 495 1318 530 istam
1352 496 1509 543 ampliti-

32 560 224 597 cationem
257 559 470 609 singularis
493 560 662 597 notionis
694 559 889 597 illustrare-
913 561 1131 609 possimus?
1185 562 1379 610 l'1·in‹·ipi‹›
1412 563 1508 598 ruini

37 626 285 674 ‚,losfahren“
313 627 360 665 de
384 639 501 665 curru
524 627 705 665 vehendo
729 630 955 675 usurpatur,
976 628 1115 665 deinde
1138 629 1184 665 :ul
1203 630 1509 677 concursionem,

33 707 134 744 quae
169 695 385 744 praecipue
422 696 459 732 in
498 707 633 744 pugna
670 694 752 732 fieri
792 695 901 739 solet,
941 695 1109 744 denique
1149 696 1196 733 ad
1230 697 1510 745 increpamlum

31 762 282 801 transfertur.

145 829 220 868 Sed
260 843 337 868 non
375 830 490 868 modo
531 830 579 868 dc
618 831 797 879 personis
836 830 996 868 verbum
1041 843 1124 868 cum
1168 832 1410 869 intransitiva
1448 832 1513 869 illa

33 898 193 937 notione
225 897 469 946 irrumpendi
509 898 663 947 dicitur,
701 911 835 936 verum
870 899 982 936 etiam
1022 898 1068 936 dc
1102 899 1230 947 rebus,
1271 912 1369 947 quac
1403 901 1511 948 quasi

31 967 226 1004 animatae
247 965 466 1015 finguntur3
496 966 551 1003 sic
573 966 760 1014 imprimis
784 966 831 1003 de
856 967 965 1004 hasta
994 965 1038 1002 A*
1056 969 1151 1005 520:
1184 956 1237 1002 (δι’
1256 958 1374 1015 (ι’)μοι·
1398 959 1512 1016 ὄβρι-

31 1045 117 1085 μον
157 1027 280 1084 ἔγχος
316 1027 451 1083 ἔσχεν.
504 1034 560 1073 Cf.
588 1033 742 1073 ElOO:
776 1024 982 1083 ἀπαρτὶ·
1014 1030 1056 1070 δὲ
1091 1030 1223 1083 διέσχι
1263 1036 1512 1083 reliquosque

32 1103 149 1152 locos,
181 1103 324 1152 quibus
356 1097 484 1151 διέχω
516 1103 683 1140 eundem
716 1103 829 1140 offert
859 1114 1014 1140 sensum
1048 1103 1346 1140 intransitivum.

146 1181 369 1230 Supersunt
401 1179 504 1218 duae
536 1180 757 1229 singulares
789 1181 966 1218 notiones
999 1181 1107 1218 verbi
1138 1180 1373 1218 intransitivi
1405 1173 1514 1228 ἔχειν

34 1242 207 1288 nondum
250 1261 272 1286 a
313 1247 424 1286 nobis
465 1248 723 1297 examinatae,
765 1249 871 1286 notio
915 1248 1125 1286 obsistendi
1168 1247 1331 1294 („Stand
1372 1248 1513 1284 haltcu.

34 1317 115 1355 sich
137 1314 316 1362 halten“)
345 1319 383 1354 et
404 1327 445 1353 se
469 1316 637 1354 habendi
662 1315 787 1362 („sich
810 1314 1072 1361 verlialten“).
1131 1315 1168 1352 Si
1193 1315 1281 1352 mihi
1305 1316 1515 1363 contingat,

36 1388 78 1423 ut
113 1384 231 1422 hasce
269 1383 367 1422 duas
405 1384 587 1422 notiones
628 1396 809 1422 revocem
852 1383 900 1420 ad
933 1384 1007 1420 vim
1049 1383 1161 1421 modo
1198 1386 1411 1431 tractatam,
1453 1394 1514 1419 res

35 1452 130 1491 nihil
161 1453 234 1490 iam
267 1452 411 1490 habeat
442 1452 601 1500 negotii.
663 1453 714 1489 At
744 1452 808 1489 ubi
842 1454 900 1489 est
937 1464 982 1489 ea
1015 1451 1131 1499 notio,
1169 1463 1246 1500 qua
1278 1451 1366 1487 illae
1399 1450 1514 1498 signi-

35 1520 236 1559 ficationes
266 1520 369 1558 inter
390 1531 431 1557 se
454 1519 716 1567 copulentur?
757 1519 794 1558 Si
826 1518 926 1557 forte
958 1518 1278 1568 significationem
1302 1517 1514 1555 obsistendi

36 1587 163 1635 („sich
194 1584 376 1632 halten“)
409 1599 457 1624 ex
479 1586 778 1635 significatione,
811 1598 911 1635 quae
944 1586 1044 1623 inest
1075 1586 1167 1623 locis
1199 1589 1241 1622 ut
1270 1582 1314 1621 Π
1334 1587 1408 1622 712
1435 1588 1518 1631 cet,

36 1667 176 1704 nempe
222 1666 346 1704 equos
391 1653 630 1702 sustinendi,
674 1666 746 1702 per
790 1653 944 1703 ellipsin
991 1652 1204 1701 profectam
1251 1650 1515 1700 paulatimque

35 1722 319 1772 generaliorem
343 1733 428 1760 esse
450 1721 592 1759 factam
625 1726 753 1770 putes,
785 1721 858 1758 hoc
887 1721 997 1757 nimis
1019 1719 1147 1757 audax
1169 1718 1360 1756 videatur.
1413 1718 1516 1763 Qua-

37 1793 201 1840 propter
232 1790 457 1828 existimare
491 1790 667 1838 cogimur
698 1789 783 1826 illas
806 1789 986 1826 notiones
1014 1786 1281 1825 intransitivas
1313 1786 1434 1823 altera
1456 1784 1516 1821 via

37 1859 75 1896 in
107 1857 267 1896 verbum
300 1856 560 1895 descendisse.

150 1924 189 1963 Si
221 1925 323 1962 enim
353 1924 639 1974 perlustramus
671 1935 737 1961 eos
759 1923 879 1971 locos,
911 1922 1050 1971 quibus
1083 1921 1240 1970 saepius
1270 1920 1411 1957 iniuria
1434 1919 1515 1967 qui-

38 1992 123 2031 dem
161 1991 396 2041 Ebelingius
432 1992 630 2030 notionem
670 1989 884 2028 obsistendi
922 1989 1110 2036 attribuit,
1153 1987 1374 2035 complures
1411 1986 1518 2023 locos

38 2060 270 2110 reperimus,
307 2059 453 2109 quibus
487 2058 645 2097 verbum
678 2057 924 2096 transitivum
964 2060 1021 2094 est
1058 2054 1285 2104 putandum,
1326 2052 1516 2091 obiectum

38 2131 167 2172 tamen
200 2131 243 2165 ut
263 2138 603 2175 supervacaneum
636 2125 836 2163 omittitur.
892 2122 945 2161 M
960 2126 1000 2161 4:
1034 2110 1128 2159 οὐδ’
1151 2111 1217 2170 ἂρ)
1239 2113 1386 2169 ἔμελλε
1416 2115 1419 2157 ἶ
1446 2111 1517 2155 τά·

39 2205 151 2245 φρος
172 2188 235 2232 ἔτι
253 2186 424 2243 σχήσειν
444 2191 629 2231 Aaron&
650 2188 720 2229 καὶ
744 2195 895 2240 τεῖχος.
940 2191 1011 2228 Hic
1033 2193 1138 2227 recte
1160 2188 1350 2226 obiectum
1375 2183 1518 2235 Τρῶας

40 2275 86 2301 ex
124 2261 383 2300 antecedente
418 2273 536 2299 versu
573 2261 815 2298 substituunt
846 2258 1039 2295 Ameisius
1077 2259 1114 2294 et
1146 2255 1317 2293 Faesius.
1375 2252 1519 2291 JI184

40 2345 93 2360 =
121 2327 278 2369 31398:
316 2318 420 2366 ov'd'
445 2321 529 2379 ἄρα
565 2323 742 2377 χαλκείη
780 2317 915 2374 κόρυς
952 2319 1141 2373 ἔσχεθεν.
1202 2322 1324 2359 Etiam
1359 2321 1418 2357 hic
1455 2320 1518 2358 ob-

40 2398 185 2436 iectum
217 2389 326 2446 δόρυ
358 2395 674 2434 substituendum
707 2398 782 2440 est3
821 2393 869 2430 cf.
891 2391 927 2429 A
951 2394 1019 2431 96:
1055 2380 1157 2427 σι’-δὲ
1190 2381 1381 2438 στεφάνη
1413 2380 1520 2435 δόρυ

42 2460 172 2514 σχέθε
210 2459 517 2514 χαλκοβαρείη.
584 2461 633 2499 Ν
657 2463 754 2500 608:
797 2453 945 2508 ἔσχεθε
987 2451 1066 2508 γὰρ
1108 2450 1239 2499 σάκος
1281 2446 1398 2503 εὔρῦ.
1462 2454 1519 2490 Ex

41 2532 302 2571 antecedente
328 2543 444 2570 versu
476 2529 641 2568 subaudi
671 2518 850 2578 χαλκόν.
913 2525 1102 2563 Omnibus
1124 2525 1229 2570 locis,
1261 2534 1357 2571 quos
1389 2520 1517 2558 adhuc

43 2601 168 2650 attuli,
209 2601 446 2649 interpretes
486 2598 681 2636 AmeIsius
725 2600 762 2633 et
803 2594 965 2632 Faesius
1008 2594 1045 2630 in
1091 2591 1248 2630 obiectis
1290 2587 1519 2638 supplendis

43 2670 277 2717 congruunt.
340 2664 386 2703 H
412 2669 493 2705 340
534 2669 662 2703 tamen
705 2656 900 2712 (ἕσχεθὲν
938 2650 975 2696 δ’
1003 2652 1099 2697 οἷον
1174 2653 1323 2706 δέρμα)
1365 2660 1403 2693 et
1442 2657 1520 2692 740

44 2725 166 2786 (οὐδὲ
206 2729 248 2773 οἱ
287 2726 408 2785 ἔσχεν
435 2730 439 2785 Ι
467 2724 640 2779 ὀστέου)
677 2732 754 2769 duo
792 2731 844 2768 illi
884 2731 1119 2777 interpretes
1158 2727 1258 2763 inter
1293 2736 1332 2761 se
1376 2722 1519 2760 dissen-

44 2804 164 2848 tiunt:
204 2802 397 2845 Ameisius
436 2801 598 2840 verbum
639 2802 807 2847 utroque
851 2797 934 2834 loco
973 2807 1043 2844 pro
1084 2792 1331 2831 intransitivo
1368 2789 1521 2838 accipit,
