1830 3201
285 179 335 216 92

398 289 454 326 Ac
494 289 660 337 primun]
702 288 856 338 quidem
899 288 1190 328 consideremus
1231 290 1461 329 sententiam
1505 304 1649 341 eorum,
1693 293 1758 342 qui

285 356 446 394 verbum
489 367 573 393 esse
614 356 770 404 passive
811 356 1025 394 adhibitum
1063 356 1294 395 existimant.
1363 358 1487 405 Quam
1525 358 1574 396 ad
1606 362 1760 398 senten-

284 424 375 461 tiam
416 422 679 461 adiuvandam
721 422 888 462 fortasse
928 424 1037 462 verbi
1069 418 1279 473 ἐέλδομαι,
1311 425 1414 473 quod
1447 437 1587 465 revera
1618 425 1759 465 11494

285 491 442 540 passive
475 502 559 528 esse
588 491 755 540 positum
778 490 843 529 vix
866 492 1072 540 quisquam
1101 492 1271 542 negabit,
1301 493 1518 541 exemplum
1541 505 1762 543 expromas.

285 558 336 595 At
366 557 418 595 illi
453 558 633 607 passivae
664 558 812 596 notioni
843 558 1082 608 praepositio
1114 553 1162 595 ἐκ
1200 559 1303 597 haud
1335 559 1388 598 ita
1418 560 1515 598 bcne
1551 562 1761 599 convenire

284 624 455 674 videtur3
494 624 657 663 maxime
688 637 782 663 vero
820 628 959 664 natura
997 625 1162 663 duorum
1199 626 1385 676 locorum,
1422 627 1562 676 quibus
1598 628 1759 666 verbum

285 693 419 732 eadem
457 693 749 732 constructione
788 696 901 732 utens
939 695 976 732 in
1009 694 1250 733 Graecorum
1286 694 1426 733 litteris
1462 699 1620 744 praeter
1655 696 1761 734 hunc

284 760 411 798 locum
444 760 692 799 Homericum
725 761 880 810 legitur,
911 762 1003 799 Her.
1026 761 1106 806 VIL
1133 764 1209 801 176
1242 755 1289 798 ἐκ
1321 757 1365 799 δὲ
1397 759 1571 800 στεινοῦ
1602 756 1654 799 τὸ
1676 753 1760 813 Ἄρ-

285 824 479 877 τεμὶσιον
510 823 681 865 δέκεται
712 821 903 877 αἰγιαλός
941 829 1209 878 imprimisque
1241 829 1330 867 Hes.
1359 829 1487 879 theog.
1516 832 1597 869 800
1628 821 1762 875 ἄλλος

287 886 325 931 δ’
347 890 392 943 ἐξ
425 887 564 932 ἄλλου
596 891 762 944 δέχεται
797 888 1102 946 χαλεπώτερος
1134 882 1270 941 ἆθλος
1301 898 1373 936 sub
1405 898 1490 936 loco
1521 901 1654 937 nostro
1686 899 1763 937 Ho-

286 963 429 1001 merico
462 963 658 1012 passivum
689 974 846 1001 sensum
878 964 1000 1002 subici
1023 967 1141 1002 vetat.
1199 964 1256 1002 Illi
1287 965 1386 1003 enim
1419 965 1644 1004 Herodoteo
1676 967 1761 1005 loco

285 1042 400 1079 quam
432 1042 509 1068 non
542 1030 858 1069 accommodatus
889 1030 937 1069 sit
967 1043 1105 1069 sensus
1136 1032 1329 1082 passivus,
1365 1033 1548 1082 quoniam
1580 1034 1761 1083 regiones

285 1098 346 1136 vel
384 1098 469 1137 loca
505 1098 794 1145 describuntur,
836 1098 951 1136 facile
989 1100 1158 1148 quisque
1197 1100 1353 1149 sentiet;
1398 1100 1436 1138 in
1475 1089 1591 1139 versu
1631 1106 1759 1140 autem

286 1165 481 1204 Hesiodeo
512 1166 707 1215 passivum
740 1166 988 1204 intolerabile
1010 1166 1167 1205 videtur
1198 1169 1419 1217 propterea,
1449 1168 1554 1217 quod
1588 1170 1762 1207 exoritur

287 1234 382 1271 haec
427 1246 551 1282 prava
593 1233 803 1271 sententia:
854 1234 977 1280 „alius
1020 1234 1215 1273 difficilior
1258 1235 1366 1274 labor
1410 1236 1484 1274 alio
1530 1230 1764 1287 excipitu1·“.

286 1302 406 1339 Immo
439 1313 458 1339 e
481 1301 679 1339 contrario
711 1301 904 1339 sententia
934 1304 1040 1340 recte
1071 1313 1112 1340 sc
1135 1301 1307 1352 habebit,
1338 1303 1367 1340 si
1400 1303 1763 1353 interpretabimur:

291 1368 413 1413 „alius
444 1368 639 1407 difficilior
670 1368 779 1407 labor
817 1368 963 1418 excipit
992 1369 1110 1407 alium
1143 1369 1356 1419 laborem‘ss
1393 1370 1413 1408 i.
1443 1382 1475 1408 6.
1511 1371 1634 1416 „alius
1666 1371 1761 1409 diffi-

286 1436 396 1474 cilior
427 1436 539 1474 labor
570 1436 747 1485 sequitur
778 1448 824 1474 ex
855 1436 969 1474 alio“.

398 1504 499 1541 Tota
530 1503 743 1542 difficultas
766 1504 840 1542 loci
870 1504 908 1541 in
941 1505 1233 1543 constructione
1256 1505 1363 1543 verbi
1395 1506 1520 1554 posita
1547 1508 1615 1554 est,
1645 1518 1761 1555 quam

288 1574 392 1609 recte
424 1571 585 1609 Faesius
617 1572 849 1620 explanasse
882 1571 973 1609 mihi
997 1571 1152 1621 quidem
1175 1572 1342 1610 videtur.
1393 1574 1518 1611 Huius
1550 1574 1651 1611 enim
1683 1575 1761 1622 opi-

287 1638 402 1677 nione
433 1639 643 1677 statuenda
673 1642 733 1677 est
765 1639 1001 1677 constructio
1033 1639 1081 1677 ad
1113 1639 1349 1678 intellectum
1389 1640 1470 1678 sive
1501 1633 1612 1677 κατὰ
1643 1633 1762 1678 σύνε-

286 1713 367 1753 σιν,
405 1719 520 1755 quam
559 1710 715 1745 vocant.
780 1708 889 1745 Haec
926 1707 1021 1746 mira
1057 1709 1297 1746 constructio
1340 1708 1428 1746 milii
1466 1709 1521 1746 ita
1556 1711 1642 1747 orta
1677 1721 1763 1747 esse

288 1774 453 1820 videtur7
486 1778 528 1812 ut
560 1774 660 1813 duae
683 1776 942 1824 cogitationes
973 1775 1084 1824 quasi
1114 1776 1382 1814 confluxerint.
1443 1777 1635 1826 Cogitatio
1663 1779 1760 1816 enim

287 1836 426 1880 κακὸν
465 1838 628 1892 δέχεται
668 1836 806 1879 κακόν
846 1843 1012 1888 „malum
1055 1844 1200 1893 excipit
1240 1845 1409 1882 malum“
1452 1845 1635 1884 miscetur
1676 1858 1762 1884 cum

287 1912 525 1959 cogitatione
571 1901 710 1948 κακὸν
756 1905 804 1947 ἐκ
849 1909 991 1948 κακοῦ
1036 1907 1228 1961 γίγνεται
1282 1912 1446 1957 „malum
1492 1913 1670 1962 sequitur
1714 1926 1762 1952 ex

289 1978 412 2018 malo“
448 1979 511 2025 ita,
552 1982 593 2017 ut
631 1980 871 2018 constructio
909 1979 1070 2017 alterius
1106 1980 1322 2017 sententiae
1361 1980 1409 2017 ad
1440 1980 1601 2019 alteram
1639 1985 1762 2019 trans-

287 2048 448 2086 feratur.
522 2048 606 2085 Hoc
652 2047 766 2085 modo
813 2046 974 2085 verbum
1029 2048 1313 2086 intransitivam
1360 2047 1555 2086 notionem
1600 2049 1763 2098 accepit.

289 2116 348 2154 Ad
394 2115 601 2154 dictionem
646 2118 818 2153 nostram
865 2114 1132 2153 illustrandam
1180 2115 1402 2154 adsimulari
1442 2117 1571 2165 potest
1612 2113 1759 2154 Π111

288 2177 433 2232 πάντῃ
465 2179 510 2220 δὲ
543 2175 682 2220 κακὸν
712 2179 836 2232 κακῷ
868 2175 1110 2232 ἐστήρικτο,
1141 2182 1207 2221 ubi
1238 2184 1355 2231 poeta
1386 2182 1457 2221 sub
1487 2183 1566 2221 alia
1595 2183 1763 2232 imagine

289 2252 336 2290 de
368 2251 626 2290 continuitate
658 2250 844 2288 malorum
875 2250 1059 2300 loquitur.

410 2371 452 2412 2.
496 2368 721 2424 ἐ’λδομαι,
751 2376 831 2412 sive
861 2377 904 2411 ut
931 2373 1185 2422 frequentius
1211 2374 1377 2421 legatur,
1409 2368 1645 2423 ἐέλδομαι

826 2442 979 2490 (cupio,
1010 2441 1232 2486 desidero).

403 2522 605 2560 Postremo
644 2522 681 2559 in
724 2522 796 2560 hoc
834 2521 972 2559 ordine
1009 2521 1218 2559 verborum
1255 2520 1433 2569 primitus
1470 2520 1761 2558 transitivorum

292 2593 617 2629 commemoretur
648 2589 721 2627 hoc
754 2588 968 2638 deponens,
1005 2589 1114 2626 cuius
1145 2587 1376 2637 significatio
1409 2585 1549 2626 11494
1581 2584 1663 2624 νῦν
1694 2598 1762 2623 τοι

291 2654 513 2695 ἐελδέσθω
543 2649 733 2706 πόλεμος
768 2649 902 2701 κακός
939 2656 1058 2694 multo
1089 2656 1236 2693 maiore
1267 2655 1351 2693 iure
1383 2655 1541 2704 passiva
1576 2666 1691 2704 quam
1724 2654 1762 2691 in

291 2725 411 2764 verbo
451 2720 627 2774 δέχομαι
670 2724 860 2761 nominari
902 2726 1043 2773 potest.
1108 2723 1261 2760 Etenim
1299 2722 1363 2760 vix
1401 2722 1463 2760 ille
1504 2722 1611 2759 locus
1650 2721 1763 2758 aliter

292 2793 480 2843 explicari
510 2793 651 2844 potest.
700 2791 826 2831 Huius
847 2790 955 2829 verbi
988 2802 1082 2828 usus
1109 2790 1289 2842 passivus
1320 2790 1394 2830 hoc
1415 2789 1497 2829 solo
1518 2789 1602 2827 loco
1635 2800 1762 2842 neque
