1830 3201
281 170 359 206 124

278 278 489 324 contendit,
531 290 646 327 quem
687 279 810 317 secuti
850 281 941 316 sunt
981 278 1217 316 Ritschelius
1257 278 1332 316 alii.
1397 279 1495 316 Nam
1537 291 1622 317 cum
1665 281 1754 328 post

278 346 579 396 Philadelphum
609 350 753 393 natum,
785 348 897 385 cuius
928 347 1079 384 natales
1110 345 1157 383 ad
1190 359 1222 384 a.
1245 349 1323 385 309
1356 346 1595 397 referuntur,
1623 348 1754 386 Ptole·

279 427 411 453 maeus
448 413 562 453 Soter
599 413 731 464 filium,
768 417 957 464 quantum
995 414 1154 464 scimus,
1195 427 1270 453 non
1310 415 1507 464 genuerit,
1542 427 1753 465 puerorum

278 483 382 532 regis
404 482 592 520 educator
623 482 846 521 Zenodotus
874 494 959 520 esse
991 494 1069 520 non
1100 482 1236 532 potuit.
1296 482 1436 532 Neque
1459 483 1558 520 enim
1582 482 1630 521 de
1652 483 1754 520 Phil-

277 551 460 600 adelpho,
497 554 539 589 ut
575 563 651 589 non
691 551 864 589 dicamus
903 550 949 588 de
981 563 1027 588 ea
1058 563 1112 599 re,
1146 550 1250 600 quod
1290 551 1509 600 complures
1545 550 1650 600 regis
1686 551 1754 589 filii

278 621 641 669 commemorantur,
668 619 840 668 cogitare
861 619 963 664 licet,
990 621 1109 668 atque
1137 618 1211 656 hac
1233 619 1387 668 quidem
1412 618 1460 656 de
1483 631 1608 657 causa.
1658 620 1754 658 Cum

277 687 512 737 Zenodotus,
543 688 692 726 etiamsi
725 687 976 725 concedimus
1006 699 1092 724 eum
1123 687 1242 724 vitam
1274 699 1398 736 usque
1428 687 1476 724 ad
1499 699 1622 725 annos
1650 690 1754 725 octo-

277 755 386 804 ginta
415 754 658 804 produxisse,
688 758 780 792 ante
811 767 844 792 a.
873 752 994 799 325¹)
1026 757 1140 792 natus
1171 766 1254 792 esse
1285 766 1363 792 non
1396 755 1532 804 possit,
1562 754 1754 792 Philadel-

277 823 411 872 phum,
441 823 507 871 qui
539 825 654 860 natus
686 826 744 860 est
774 835 805 860 a.
830 825 921 870 309,
953 821 1200 860 educandum
1232 824 1265 860 ei
1296 821 1480 860 traditum
1504 833 1587 860 esse
1619 835 1641 860 a
1667 836 1754 872 pro-

277 889 481 928 babilitate
511 890 707 935 abhorret,
739 890 842 939 quod
877 890 989 927 nimis
1017 889 1199 939 exiguum
1232 901 1422 928 annorum
1455 891 1622 940 spatium
1654 891 1755 929 inter

278 958 483 1006 utriusque
514 960 680 995 aetatem
712 957 930 996 intercedit.

389 1037 539 1084 Quodsi
577 1038 830 1075 consentiunt
864 1038 966 1075 inter
1003 1050 1043 1075 se
1080 1038 1317 1087 testimonia,
1353 1037 1595 1076 Zenodotum
1634 1037 1754 1076 fuisse

277 1105 455 1143 Philetae
487 1105 718 1154 discipulum
757 1105 1028 1155 Aristophanis
1060 1106 1300 1155 magistrum,
1338 1118 1503 1155 pronum
1537 1109 1596 1144 est
1631 1107 1754 1156 suspi-

278 1173 357 1210 cari
391 1173 487 1211 male
517 1185 558 1210 se
590 1173 746 1218 habere,
784 1185 885 1222 quae
917 1173 964 1210 de
995 1173 1194 1211 Zenodoto
1232 1172 1377 1211 Soteris
1408 1173 1575 1211 filiorum
1613 1173 1755 1212 educa-

278 1245 362 1278 tore
393 1240 660 1290 perhibentur.
720 1240 830 1287 Quae
861 1241 1056 1278 sententia
1088 1240 1193 1279 haud
1225 1241 1304 1279 scio
1335 1253 1384 1278 an
1407 1241 1522 1279 etiam
1545 1242 1618 1279 hoc
1638 1253 1755 1290 argu-

277 1311 408 1346 mento
441 1307 747 1346 commendetur.
807 1309 913 1346 Dixit
935 1309 1035 1346 enim
1057 1307 1345 1354 Duentzerus2)
1377 1309 1618 1354 Zenodotum
1649 1309 1756 1346 Phil-

277 1375 434 1425 adelphi
468 1375 719 1413 educatorem
752 1387 829 1413 non
862 1375 994 1426 fuisse,
1029 1377 1121 1425 quia
1152 1375 1435 1426 Philadelphus
1464 1377 1547 1426 ipse
1579 1377 1754 1415 Philetae

279 1443 500 1492 discipulus
532 1456 657 1493 aeque
688 1455 734 1481 ac
764 1443 989 1481 Zenodotus
1020 1443 1149 1482 fuerit.
1208 1444 1290 1482 Etsi
1332 1445 1467 1494 negari
1508 1458 1585 1484 non
1627 1448 1757 1495 potest

278 1511 352 1549 hoc
384 1515 655 1560 argumentum
691 1523 762 1560 per
793 1523 834 1549 se
866 1523 988 1560 grave
1019 1523 1095 1550 non
1129 1523 1227 1561 esse,
1264 1524 1350 1550 cum
1382 1512 1464 1550 fieri
1496 1514 1678 1564 potuerit,
1713 1516 1756 1552 ut

278 1579 502 1617 Zenodotus
524 1579 700 1617 Philetae
723 1579 928 1628 disciplina
950 1591 1043 1618 usus
1065 1580 1125 1628 sit,
1156 1582 1291 1629 postea
1319 1581 1524 1631 utriusque
1555 1580 1753 1619 Philadel-

276 1646 436 1697 phusss),
472 1650 601 1685 tamen
640 1648 741 1686 hauc
773 1647 1013 1697 potissimum
1046 1648 1232 1686 rationem
1265 1649 1533 1688 intercessiSse
1569 1650 1643 1688 iam
1676 1661 1752 1687 non

276 1716 334 1752 cst
365 1727 434 1752 cur
462 1717 653 1764 putemus.

389 1794 499 1831 Duae
527 1796 668 1843 autem,
700 1794 729 1832 si
762 1796 867 1832 recte
900 1794 1102 1843 hucusque
1131 1794 1274 1833 versati
1296 1807 1432 1833 sumus
1463 1796 1500 1833 in
1531 1796 1605 1834 hac
1636 1809 1754 1846 quae-

275 1861 401 1899 stione
423 1861 641 1910 tractanda,
663 1864 818 1900 exstant
839 1862 1099 1900 ratiocinandi
1122 1863 1220 1913 viae,
1251 1863 1387 1912 altera,
1414 1866 1457 1901 ut
1478 1865 1755 1914 narrationem,

276 1941 376 1978 quae
418 1929 466 1966 ad
508 1929 608 1967 filios
650 1928 874 1967 educandos
920 1932 1086 1979 spectat,
1134 1942 1295 1980 prorsus
1336 1930 1473 1969 falsam
1520 1931 1757 1982 putemus4),

276 1997 410 2045 altera,
453 1999 496 2034 ut
538 1996 778 2045 Hesychium
823 1997 871 2035 ad
915 1997 1129 2036 Ptolemaei
1171 1998 1284 2046 primi
1327 2010 1355 2036 s.
1396 1998 1544 2037 Soteris
1587 2001 1752 2038 aetatem

275 2064 474 2102 rettulisse
507 2076 746 2110 censeamus,
778 2076 879 2114 quae
910 2065 1136 2103 Ptolemaeo
1167 2066 1289 2104 altero
1322 2078 1349 2104 s.
1369 2066 1630 2117 Philadelpho
1661 2080 1754 2116 rege

275 2131 379 2169 facta
410 2131 568 2170 tradere
601 2131 789 2170 debuerIt.
848 2132 989 2181 Neque
1027 2132 1188 2171 dubium
1227 2145 1310 2172 esse
1349 2136 1488 2183 potest,
1526 2135 1620 2184 quin
1658 2135 1754 2173 haec

275 2200 483 2248 explicatio
522 2200 571 2238 sit
608 2199 878 2249 praeferenda.
944 2201 1043 2238 Nam
1082 2213 1151 2238 cur
1191 2213 1293 2250 quae
1330 2200 1377 2238 de
1414 2201 1613 2241 Zenodoto
1650 2203 1754 2252 regis

274 2279 486 2316 puerorum
518 2267 727 2305 educatore
759 2267 983 2317 traduntur,
1014 2268 1284 2306 commenticia
1315 2268 1515 2319 ducamus,
1547 2282 1666 2308 causa
1696 2282 1753 2308 sa-

275 2333 324 2371 tis
356 2335 457 2372 iusta
487 2347 565 2372 non
597 2337 672 2384 est;
706 2338 842 2373 contra
863 2335 1105 2374 Zenodotum
1133 2335 1311 2374 floruisse
1343 2336 1556 2375 Ptolemaei
1589 2337 1752 2376 secundi

389 2454 415 2494 1)
451 2452 506 2487 Cf.
531 2452 680 2496 Heffter,
717 2452 772 2487 De
803 2453 991 2488 Zenodoto
1023 2454 1176 2497 eiusque
1209 2453 1343 2488 studiis
1376 2454 1590 2496 Homericis,
1626 2456 1752 2499 Progr.

274 2508 549 2551 Brandenburg.
572 2512 667 2553 1834,
692 2519 726 2552 p.
745 2512 764 2542 4
783 2512 931 2551 (annum
951 2510 1145 2553 proposuit
1163 2513 1260 2553 320)3
1284 2509 1406 2544 Busch
1431 2522 1465 2554 p.
1483 2514 1503 2545 4
1527 2513 1574 2553 (c.
1592 2512 1637 2545 ol.
1656 2513 1753 2556 116);

274 2564 416 2598 Ritschl
441 2575 476 2608 p.
495 2567 547 2598 67.
575 2568 615 2598 72
640 2568 686 2606 (c.
707 2565 760 2599 Ol.
778 2567 954 2609 1141115);
980 2565 1161 2600 Susemihl
1187 2576 1222 2610 p.
1240 2565 1383 2600 XXVII
1408 2568 1455 2609 (c.
1474 2569 1677 2612 330—320).

385 2622 413 2660 ²)
444 2631 526 2664 pag.
546 2624 585 2654 23
612 2621 733 2655 adnot.
756 2624 782 2655 1.

386 2678 410 2720 3)
443 2675 497 2711 Cf.
516 2676 687 2722 Parthcy,
714 2677 786 2712 Das
804 2677 1030 2712 alexandrin.
1048 2678 1223 2717 Museum,
1247 2681 1341 2721 1838,
1368 2690 1401 2722 p.
1420 2682 1477 2723 7¹3
1502 2679 1642 2714 Heffter
1662 2690 1695 2723 p.
1715 2683 1751 2723 33
1776 2695 1782 2703 ·

273 2732 394 2767 Busch
420 2743 454 2776 p.
473 2738 506 2767 4.

385 2792 412 2830 ⁴)
444 2789 562 2833 Daub,
588 2789 740 2824 Studien
766 2800 809 2824 zu
835 2790 904 2825 den
931 2790 1177 2835 Biographica
1201 2791 1267 2826 des
1292 2790 1434 2836 Suidas‚
1461 2795 1557 2836 1882,
1582 2803 1617 2837 p.
1636 2795 1689 2827 81.
