1830 3201
318 178 394 215 108

312 280 435 331 ἐντὸς
462 283 467 336 Ι
495 278 625 335 ἀλκῆς
661 284 734 324 καὶ
770 284 970 337 σθέιέος;
1025 289 1058 327 Τ
1083 292 1314 329 384-385
1352 284 1543 342 πειρήθη
1576 283 1612 329 δ’
1641 285 1684 330 ἕο
1717 283 1787 329 αὖ·

311 352 392 391 τοῦ
425 350 472 391 ἐν
503 347 643 391 ἔντεσι
675 351 766 400 δῖος
798 345 1018 405 Ἀχιλλεύς,
1047 352 1051 405 Ι
1080 352 1115 393 εἰ
1146 348 1186 393 οἷ
1219 351 1517 407 ἐφαρμόσσειε,
1548 356 1620 396 καὶ
1650 354 1789 409 ἐντρέ-

307 434 375 471 χοι
419 412 558 471 ‹Zyzas‘z
598 426 709 472 γυῖα.
775 414 1023 474 (ἐφαρμόζει)
1066 424 1139 462 hoc
1184 437 1259 462 uno
1304 425 1388 463 loco
1432 426 1533 475 apud
1577 427 1787 465 Homerum

310 490 534 533 invenitur.)

423 556 536 604 Quod
568 557 752 596 iudicium
792 558 898 596 multi
938 559 1199 597 recentiorum
1233 559 1424 598 editorum
1464 563 1502 598 ct
1530 560 1787 610 interpretum

310 624 531 662 reiecerunt
560 627 677 674 atque
707 625 745 663 id
768 626 915 664 merito.
975 625 1326 665 considerantibus
1357 627 1468 665 nobis
1489 626 1624 667 F333
1658 641 1786 667 nonne

310 692 482 730 occurrit
511 693 547 730 in
580 696 660 731 tota
691 693 905 731 Alexandri
938 697 1110 732 armatus
1143 693 1406 743 descriptione
1446 694 1522 741 (vv.
1551 695 1788 743 328—338)

310 772 463 809 semper
501 759 581 798 fere
619 760 885 799 Alexandrum
924 761 1139 799 subiectum
1178 763 1288 800 esse?
1348 762 1448 800 Illud
1479 762 1786 802 additamentum

313 828 460 873 „lorica
489 831 619 865 autem
652 828 685 866 ei
710 828 918 866 convenit“
954 829 991 866 in
1016 829 1316 879 descriptionem
1340 830 1638 868 illustrissimam
1672 832 1787 870 inter-

309 896 450 933 iectum
495 895 584 933 mihi
624 895 780 945 quidem
821 884 992 934 ieiunum
1037 900 1075 935 et
1114 900 1229 946 poeta
1265 897 1466 946 indignum
1505 910 1589 937 esse
1621 899 1788 938 videtur.

309 964 521 1001 Praeterea
559 963 618 1009 (ut
655 964 793 1001 mirum
833 977 910 1002 non
942 965 1000 1010 sit,
1039 965 1143 1014 quod
1183 966 1303 1003 lorica
1334 965 1530 1014 Lycaonis
1560 966 1788 1005 Alexandro

313 1031 442 1068 statim
476 1028 675 1078 convenit)
708 1031 838 1069 nescio
870 1044 919 1069 an
953 1032 1127 1071 subiecto
1151 1036 1297 1070 mutato
1330 1021 1424 1069 ὧδέ
1454 1034 1517 1071 vel
1548 1035 1669 1072 simile
1693 1034 1786 1084 quid

310 1101 571 1148 exspectetur.
604 1119 653 1123 —-
686 1098 766 1136 Iam
789 1098 1133 1146 Doederleinius1)
1166 1101 1379 1138 rectissime
1410 1100 1695 1139 intransitivam
1720 1114 1787 1140 no-

309 1166 452 1204 tionem
485 1165 520 1203 h.
549 1166 570 1203 l.
602 1166 836 1214 improbavit
873 1170 910 1204 et
945 1170 1108 1216 propter
1139 1168 1324 1205 aoristum
1356 1157 1514 1218 ἥρμοσε
1554 1172 1592 1207 et
1626 1172 1787 1220 propter

308 1246 429 1281 grave
466 1245 683 1282 pronomen
723 1224 856 1284 αὗτῷ,
894 1235 1003 1272 cuius
1039 1235 1211 1284 ponendi
1250 1248 1327 1273 non
1365 1236 1458 1273 satis
1496 1249 1636 1285 magna
1668 1249 1787 1274 causa

308 1304 377 1339 est.
437 1300 512 1340 Sed
544 1301 574 1338 si
606 1301 768 1339 verbum
800 1314 871 1351 pro
903 1303 1109 1340 transitivo
1140 1303 1342 1352 accipitur,
1376 1304 1568 1341 obiectum
1603 1297 1787 1355 θώρηκα

309 1382 356 1408 ex
396 1368 654 1407 antecedente
692 1369 892 1407 enuntiato
935 1369 1118 1408 facillime
1159 1370 1333 1420 suppleri
1369 1374 1508 1419 potest.
1574 1373 1630 1409 De
1673 1372 1787 1411 huius

310 1437 383 1475 loci
416 1437 740 1485 interpretatione
774 1436 821 1474 cf.
843 1436 1116 1475 adnotationes
1137 1437 1297 1476 Ameisii
1328 1438 1376 1476 ad
1404 1438 1439 1476 h.
1463 1439 1485 1476 l.
1517 1442 1554 1476 et
1581 1440 1708 1478 Faesii
1737 1439 1785 1479 ad

310 1505 344 1542 h.
373 1505 395 1541 1.
427 1508 464 1542 et
495 1502 621 1542 Eos).
688 1503 765 1542 Cur
804 1505 1010 1542 transitiva
1046 1505 1118 1555 vis,
1159 1518 1259 1554 quae
1299 1518 1369 1555 per
1406 1518 1446 1544 se
1487 1509 1544 1544 est
1582 1508 1664 1546 sine
1705 1509 1786 1546 ulla

309 1571 537 1617 offensione⁷
570 1585 646 1610 non
678 1575 737 1609 est
766 1572 1029 1621 praeferenda
1060 1573 1361 1612 intransitivae?

425 1639 612 1678 Venimus
648 1639 695 1677 ad
729 1638 764 1676 P
788 1642 879 1678 210.
938 1639 1064 1678 Etiam
1102 1641 1164 1678 hic
1201 1641 1406 1679 transitiva
1443 1643 1547 1680 notio
1584 1643 1786 1691 aptissima

310 1712 383 1753 cst3
417 1708 567 1756 Iupiter
599 1706 698 1745 enim
731 1707 862 1757 efficit,
895 1711 935 1745 ut
967 1710 1165 1746 armatura
1186 1708 1348 1746 Achillis
1380 1710 1539 1747 Hectori
1568 1711 1785 1749 conveniat.

420 1776 552 1813 Tertio
585 1775 670 1814 loco
708 1774 741 1812 T
763 1777 854 1824 385,
887 1776 916 1813 si
949 1777 1203 1826 compositum
1235 1770 1470 1827 ἐφαρμόζει)
1501 1790 1572 1827 pro
1605 1777 1784 1816 intransi-

311 1845 389 1882 tivo
421 1848 524 1882 esset
555 1843 789 1890 habendum,
821 1844 1019 1894 optativus
1042 1846 1260 1894 praesentis
1282 1836 1520 1895 ἐφαρμόζοι
1546 1849 1784 1896 posceretur.
1819 1856 1821 1858 ·

310 1913 490 1951 Ceterum
541 1912 679 1950 mirum
721 1916 841 1958 esset,
884 1912 957 1950 nisi
999 1925 1106 1950 arma
1148 1925 1170 1950 a
1205 1914 1382 1952 Vulcano
1423 1913 1604 1953 confecta
1641 1914 1782 1953 Achilli

311 1981 578 2019 convenirent.
623 1982 762 2030 Itaque
795 1980 829 2018 h.
851 1981 873 2018 l.
905 1981 1066 2018 verbum
1099 1981 1345 2019 transitivum
1378 1985 1445 2020 est.

420 2061 600 2099 Ceterum
640 2061 814 2099 concedo
853 2072 990 2099 causas
1027 2073 1049 2098 a
1086 2073 1145 2098 me
1183 2063 1317 2099 contra
1352 2061 1636 2100 intransitivam
1673 2062 1784 2100 verbi

308 2129 383 2166 vim
423 2129 564 2166 allatas
607 2142 684 2167 non
726 2130 820 2167 satis
860 2140 1001 2177 graves
1042 2140 1129 2167 esse
1174 2128 1222 2166 ad
1263 2129 1546 2167 intransitivam
1589 2131 1783 2168 notionem

310 2197 580 2235 damnandam.
642 2199 738 2236 Post
773 2198 984 2236 Homerum
1024 2197 1271 2235 intransitiva
1307 2197 1415 2234 verbi
1453 2185 1630 2247 ἁρμόζεο
1667 2199 1782 2248 signi-

307 2265 436 2303 ficatio
468 2266 610 2304 usitata
641 2269 710 2304 est.

890 2385 934 2428 3.
979 2382 1200 2438 πυκάζω.

421 2482 676 2520 Intransitiva
705 2480 934 2530 significatio
969 2481 1083 2518 huius
1106 2481 1226 2529 verbi,
1257 2493 1357 2529 quae
1387 2481 1424 2518 in
1450 2481 1642 2519 universis
1663 2481 1781 2519 Grae-

309 2563 442 2588 corum
475 2549 613 2587 litteris
645 2549 762 2586 semel
795 2548 1062 2586 tantummodo
1094 2547 1132 2585 in
1165 2547 1343 2596 Odyssea
1373 2546 1397 2584 λ
1419 2552 1500 2587 320
1531 2547 1697 2586 inveniri
1727 2547 1779 2585 di-

309 2619 421 2665 citur,
456 2617 491 2654 h.
521 2617 544 2653 l.
577 2615 783 2653 manifesto
815 2628 862 2653 ex
893 2615 992 2653 falsa
1023 2615 1343 2665 interpretatione
1379 2614 1513 2653 oritur.

419 2684 668 2722 Praemittam
700 2683 861 2721 verbum
895 2682 1224 2722 denominativum
1257 2694 1341 2721 6886
1373 2683 1421 2721 ab
1449 2694 1494 2721 ea
1515 2682 1649 2732 stirpe,
1679 2694 1779 2731 quae

423 2804 448 2845 ¹)
482 2799 535 2836 cf.
562 2801 683 2836 Gloss.
700 2800 802 2835 Hom.
828 2810 879 2835 nr.
901 2803 974 2835 533.
