1830 3201
306 200 383 236 386

307 308 485 345 lemmate
517 304 792 352 coniungenda
831 305 883 341 sic
925 303 1011 340 olim
1052 313 1136 338 esse
1174 300 1362 338 exhibita:
1392 288 1650 342 Λυκόποδες
1681 299 1704 336 1.
1728 301 1777 337 11

308 368 519 421 ἐτείχισαν
558 363 607 407 τὸ
649 362 931 418 Λειψύδριον,
969 363 1136 417 χωρίον
1175 363 1251 415 τῆς
1291 355 1482 415 Ἀττικῆς
1519 394 1526 402 .
1565 394 1572 401 .
1611 394 1619 401 .
1658 360 1716 409 εἷς
1756 357 1779 402 ὃ

309 437 533 489 συνῆλθον
575 432 623 474 ἐκ
662 434 743 473 τοῦ
787 427 936 479 ἄστεος
974 433 1068 471 κτλ.
1130 435 1208 471 Iam
1251 434 1288 471 in
1329 434 1458 482 priore
1494 436 1606 482 parte
1645 432 1783 470 scholii

313 509 448 545 contra
478 505 740 549 Aristotelem,
772 504 833 541 hic
864 515 1021 552 quoque
1053 514 1139 539 cum
1172 500 1363 538 Herodoti
1394 500 1619 538 narratione
1650 501 1690 545 V,
1720 502 1783 548 63,

311 576 362 612 90
395 576 477 610 arte
501 574 792 619 congruentem,
822 572 972 619 pugnat
993 567 1272 617 grammaticus
1293 567 1389 616 ipse,
1419 578 1502 604 cum
1535 569 1688 615 poetam
1719 565 1785 613 (cf.

310 641 332 678 l.
358 642 406 678 18
438 626 460 675 ὁ
495 633 539 675 δὲ
572 629 880 687 Ἀριστοφάνης
912 639 949 673 et
979 635 1083 674 Suid.
1115 646 1137 671 ο
1161 622 1278 671 6521.
1307 628 1353 670 ἐν
1374 626 1651 683 Λυσιστράτη
1673 630 1784 681 κτλ.)

310 720 385 745 11011
409 698 684 755 δορυφόρους
706 704 899 742 Pisistrati
921 702 988 741 sed
1008 701 1283 739 Almaeonidas
1307 701 1404 739 falso
1428 704 1538 750 putet
1555 700 1786 749 significare.

312 776 368 812 De
400 786 440 811 re
472 772 520 810 cf.
552 771 799 817 Dunckerus,
832 771 852 807 1.
875 783 907 808 a.
930 771 980 807 VI
1012 781 1049 818 p.
1071 771 1164 818 500,
1183 770 1273 806 501.

426 851 604 899 Denique
633 850 681 887 ad
704 849 952 887 Aristotelem
986 848 1155 896 peltinet
1176 847 1297 884 schol.
1320 847 1413 884 Ran.
1438 848 1542 885 1532
1575 837 1788 895 παρόσον,

406 908 693 967 Ἀριστοτέλης
730 912 846 967 φησί,
882 905 989 965 μετὰ
1025 924 1106 963 την
1143 909 1190 950 ἐν
1220 903 1513 962 Αργινούσαις
1549 908 1790 962 ναυμαχίαν

312 932 676 1033 (411ακέὸαιμονίων
698 979 983 1032 βουλομένων
1001 977 1048 1018 ἐκ
1067 977 1289 1025 Δεκελείας
1308 971 1481 1017 ἀπιέναι
1503 969 1570 1027 ἐφ’
1588 978 1651 1024 οἷς
1673 973 1789 1028 έχου-

317 1062 385 1090 σιι
415 1045 611 1101 ἑκάτεροι
643 1047 715 1087 καὶ
746 1044 926 1100 εἰρηνην
960 1042 1078 1099 ἄγειν
1110 1043 1182 1085 ἐπὶ
1203 1045 1284 1084 τοῦ
1306 1043 1502 1085 Καλλίου
1533 1047 1649 1096 (quae
1671 1046 1791 1084 verba

315 1121 390 1158 huc
428 1120 524 1157 falso
562 1119 751 1156 translata
789 1117 998 1156 inserenda
1035 1128 1121 1154 esse
1159 1119 1247 1164 post
1279 1110 1521 1164 ναυμαχίαν
1557 1118 1663 1152 recte
1693 1113 1793 1151 vidit

315 1185 521 1231 Cobetus2)
552 1184 772 1233 Κλεοφῶν
806 1178 947 1222 ἔπεισε
982 1177 1062 1220 τὸν
1092 1179 1231 1233 δῆμον
1265 1176 1322 1233 μὴ
1350 1177 1690 1230 προσδέξασθαι,
1726 1175 1791 1217 ἐλ-

320 1249 416 1291 θών
446 1250 503 1292 εἰς
534 1247 613 1303 τὴν
644 1249 879 1303 ἐκκλησίαν
907 1245 1091 1301 μεθύων
1123 1247 1195 1287 καὶ
1226 1241 1414 1299 θώρακα
1446 1242 1702 1294 ἐνδεδυκώς,
1739 1238 1792 1285 οὗ

321 1315 505 1370 φάσκων
532 1316 781 1370 ἐπιτρέψειν
813 1311 889 1357 ἐὰν
917 1311 974 1369 μὴ
1004 1310 1144 1363 πάσας
1176 1308 1321 1366 ἀφῶσι
1352 1311 1427 1362 τὰς
1458 1308 1608 1361 πόλεις
1638 1310 1679 1353 οἱ
1706 1313 1793 1354 Λα-

316 1381 584 1438 κέδαιμόπγίοι
616 1387 680 1433 (cf.
704 1385 860 1436 Rosius,
893 1388 965 1436 frg.
987 1389 1079 1435 408,
1111 1387 1176 1435 qui
1200 1386 1335 1424 Cobeti
1358 1384 1668 1423 emendationem
1700 1395 1793 1432 neg-

319 1455 441 1501 lexit).
501 1456 610 1502 Quae
642 1467 704 1493 res
744 1459 781 1493 et
812 1455 858 1492 ab
890 1453 1164 1503 Aristophanis
1202 1453 1418 1490 editoribus
1455 1450 1519 1498 (cf.
1545 1451 1794 1495 Fritzschius,

319 1524 515 1572 Aristoph.
546 1523 699 1560 Thesm.
742 1535 776 1571 p.
809 1525 899 1567 304,
943 1521 1129 1565 Kockius,
1172 1521 1267 1558 Ran.
1298 1519 1347 1556 ad
1379 1519 1415 1556 h.
1438 1518 1487 1564 v.)
1530 1523 1568 1556 et
1604 1531 1627 1556 a
1664 1530 1792 1556 rerum

320 1595 515 1639 gestarum
553 1589 807 1638 scriptoribus
848 1589 910 1633 (cf.
942 1589 1157 1637 Gilbertus,
1194 1588 1218 1624 1.
1246 1599 1278 1624 a.
1312 1599 1346 1635 p.
1375 1588 1466 1634 383,
1507 1586 1675 1634 Curtius,
1710 1585 1732 1622 l.
1762 1598 1794 1622 a·

318 1658 373 1696 II5
411 1672 446 1707 p.
477 1660 568 1706 781,
608 1660 812 1706 praeterea
853 1656 1039 1701 Cobetus,
1082 1656 1103 1692 l.
1133 1668 1165 1692 a.
1203 1667 1236 1702 p.
1270 1657 1345 1692 157
1367 1665 1469 1703 sqq.,
1511 1652 1796 1701 Harwardtius,

320 1727 341 1763 1.
363 1739 395 1763 a.
427 1738 463 1773 p.
486 1722 554 1769 48)
593 1724 695 1761 bona
727 1735 811 1760 cum
844 1722 918 1760 fide
956 1735 1026 1771 pro
1060 1734 1152 1760 vera
1191 1724 1353 1770 accepta
1384 1725 1460 1768 est,
1497 1732 1596 1758 unus
1627 1720 1796 1768 Grotius,

322 1791 635 1831 (1666110116611.
662 1790 715 1828 IV
744 1803 779 1839 p.
801 1793 897 1828 471:
934 1802 1034 1827 vers.
1062 1801 1182 1837 germ.
1214 1801 1297 1826 eam
1331 1791 1373 1825 ut
1403 1787 1531 1825 fictam
1562 1786 1796 1836 repudiavit,

324 1873 437 1911 quem
471 1858 530 1895 vel
560 1870 685 1906 nuper
723 1864 878 1894 secutus
910 1861 968 1894 est
1004 1855 1337 1901 Breitenbachius,
1372 1855 1469 1892 Xen.
1496 1854 1596 1891 Hell.
1625 1853 1674 1891 ad
1703 1854 1732 1902 Ι,
1761 1856 1797 1902 6,

325 1931 375 1965 38
408 1926 597 1963 adnotans
630 1926 741 1962 haec:
777 1925 851 1970 „da
879 1925 962 1961 hier
984 1924 1084 1961 auch
1107 1923 1256 1961 Diodor
1285 1922 1459 1970 (praeter
1481 1918 1796 1970 Xenophontem)

326 1994 450 2032 nichts
489 2006 562 2031 von
603 1993 760 2030 solchen
793 1991 1355 2039 Friedensunterhandlungen
1397 1990 1584 2036 erwahnt,
1624 2000 1666 2026 so
1705 1988 1799 2036 liegt

324 2074 363 2099 es
388 2061 497 2105 nahe,
521 2060 611 2097 dass
634 2059 704 2097 der
725 2059 927 2103 Scholiast,
950 2071 1028 2095 was
1046 2058 1279 2095 Aristoteles
1301 2058 1359 2094 als
1383 2057 1503 2104 Folge
1526 2056 1595 2093 der
1617 2055 1800 2094 Schlacht

329 2129 389 2167 bei
422 2128 596 2177 Kyzikos
628 2127 869 2175 besprochen
902 2127 1028 2163 haben
1053 2139 1152 2174 mag,
1183 2124 1425 2163 irrthiimlich
1457 2123 1526 2161 auf
1553 2123 1614 2161 die
1635 2122 1798 2160 Nieder-

327 2198 411 2244 lage
443 2196 503 2233 bei
537 2196 610 2232 den
644 2195 866 2242 Arginusen
904 2194 1035 2243 folgen
1068 2194 1180 2231 Iasst!
1232 2192 1475 2240 Quamquam
1506 2192 1589 2240 ipse
1621 2189 1799 2228 concedit

327 2277 393 2312 per
424 2277 463 2301 se
495 2264 597 2301 credi
629 2275 743 2312 posse
775 2263 888 2300 etiam
918 2265 1012 2299 tunc
1040 2261 1228 2299 accidisse
1257 2261 1372 2298 talem
1400 2272 1490 2297 rem.
1549 2258 1624 2297 Sed
1653 2257 1799 2296 erravit

329 2333 439 2369 1101110
462 2331 611 2369 doctus.
671 2331 823 2368 Etenim
858 2334 909 2378 ut,
941 2330 1046 2378 quod
1079 2342 1124 2367 ea
1155 2341 1256 2378 quae
1287 2327 1391 2377 apud
1419 2326 1633 2364 Diodorum
1664 2325 1799 2374 legun-

329 2404 389 2435 tur
420 2399 524 2447 XIII,
551 2401 614 2447 52,
643 2401 665 2436 3
704 2397 807 2446 (post
839 2398 1040 2445 Cyzicum:
1084 2389 1354 2445 (βουλόμεθα
1390 2387 1500 2444 πρὸς
1540 2382 1644 2443 ὑμᾶς
1680 2383 1799 2441 ἄγειν

328 2459 515 2514 εἰρήνην,
561 2456 710 2513 ἄνδρες
744 2454 979 2513 Ᾰθηναῖοι,
1025 2459 1093 2500 καὶ
1142 2456 1216 2506 τὰς
1259 2457 1337 2512 μὲν
1375 2454 1526 2506 πόλεις
1567 2449 1615 2504 ἃς
1656 2452 1798 2496 ἑκάτε-

329 2544 394 2580 ροι
430 2529 680 2580 κρατοῦμεν
710 2529 802 2567 κτλ.
843 2532 888 2568 iis
926 2543 1026 2580 quae
1063 2531 1101 2567 in
1133 2530 1281 2568 scholio
1317 2529 1503 2578 leguntur
1533 2527 1668 2565 similia
1698 2528 1799 2570 sunt,

332 2601 405 2636 1106
449 2599 485 2636 111
519 2612 559 2636 16
597 2600 761 2647 positum
795 2601 865 2646 est,
902 2611 986 2635 cum
1031 2599 1140 2646 pacis
1176 2597 1424 2635 condiciones
1465 2594 1623 2632 eaedem
1661 2594 1799 2638 essent,

333 2667 384 2703 ita
423 2665 527 2713 quod
566 2666 720 2703 omnino
760 2668 861 2702 tacet
902 2665 949 2702 de
988 2665 1060 2702 hac
1098 2665 1218 2702 altera
1255 2676 1350 2712 pace
1395 2665 1530 2700 auctor
1577 2673 1654 2698 non
1701 2658 1799 2697 adeo

443 2784 470 2825 2)
505 2782 557 2816 Cf.
587 2784 606 2816 l.
624 2791 654 2815 a.
680 2793 713 2825 p.
734 2784 805 2815 1:38.
