1830 3201
289 173 342 209 80

287 281 472 331 genetivo
506 280 620 317 modo
653 292 739 318 cum
770 281 996 318 accusativo
1028 280 1200 318 eiusdem
1232 280 1470 317 substantivi
1503 280 1767 329 coniungitur,
1829 265 1830 284 l

287 361 317 397 φ
339 351 417 388 377
450 344 522 384 καὶ
554 341 607 397 δὴ
641 344 796 397 μεθίευ
825 347 1038 397 χαλεποῖο
1066 340 1217 396 χόλοιο
1239 342 1241 396 l
1264 340 1495 398 Τηλεμάχῳ
1517 359 1602 385 cum
1631 344 1764 385 A283
1828 337 1830 372 ἶ

288 406 455 465 λίσσομ’
492 405 677 464 Άχιλλῆι
715 411 904 464 μεθέμεν
943 408 1082 464 χόλον
1125 414 1190 459 (cf.
1231 415 1344 452 etiam
1391 413 1424 452 O
1449 416 1526 453 138
1563 417 1600 452 et
1640 426 1667 451 α
1690 412 1770 463 77),
1829 429 1830 450 i

287 484 352 521 nbi
383 482 668 535 significatione
700 481 913 520 desistendi
947 483 1108 520 verbum
1141 482 1362 531 praeditum
1395 484 1464 532 est,
1493 485 1610 531 atque
1632 480 1669 519 Λ
1688 484 1765 520 841
1829 522 1830 530 ¹

288 539 384 587 ἀλλ>
416 539 513 586 οὐδ’
544 536 602 594 ὦς
637 560 720 598 περ
754 553 844 586 σεῖο
882 542 1060 598 μεθήσω
1090 544 1362 599 τειρομένοιο
1410 561 1495 587 cum
1534 548 1678 587 P414
1713 540 1768 598 μὴ
1829 531 1830 538 ¹

285 613 514 668 χωσαμένη
554 624 598 654 σε
635 613 811 666 μεθείω,
860 617 923 655 nbi
966 617 1127 654 verbum
1161 616 1446 665 significatione
1478 616 1685 655 deserendi
1715 617 1771 654 in-
1824 644 1826 670 3

288 688 480 723 structum
519 688 592 730 est,
638 685 743 722 inter
784 696 824 722 se
857 685 1163 735 comparaveris,
1209 684 1244 722 id
1277 684 1497 733 discrimen,
1542 684 1647 734 quod
1680 684 1773 721 fecit
1824 702 1826 718 A

288 754 331 791 G.
375 754 645 801 Hermannus,
704 752 741 789 in
786 752 875 790 illos
920 753 1028 790 locos
1072 764 1150 790 non
1196 751 1337 790 cadere
1383 764 1532 790 mecum
1578 751 1772 789 fateberis.
1825 779 1826 784 ,

288 821 440 859 Etenim
491 820 597 858 notio
643 820 752 858 verbi
800 821 844 858 iis
891 820 1003 869 locis,
1055 820 1119 869 qui
1159 822 1324 868 possunt
1365 820 1467 857 inter
1509 831 1549 858 se
1590 818 1771 864 conferri,

287 892 443 938 Semper
483 887 618 926 eadem
662 891 739 937 est3
789 898 820 935 φ
850 891 928 926 377
968 888 1014 926 de
1057 888 1304 936 remissione,
1345 899 1447 937 quae
1484 900 1532 925 ex
1571 890 1682 937 parte
1719 886 1772 935 fit,

290 960 328 994 et
367 955 403 994 Α
426 958 503 994 841
547 956 594 993 de
641 956 911 1004 destitutione,
951 968 1053 1005 quae
1085 968 1132 993 ex
1164 958 1275 1005 parte
1306 955 1356 1001 fit,
1389 955 1612 1004 nentiquam
1644 956 1773 1005 potest

290 1023 465 1073 cogitari.
525 1024 601 1061 Res
632 1024 762 1073 potius
792 1024 911 1072 plane
942 1023 1056 1060 aliter
1088 1035 1127 1060 se
1159 1022 1287 1060 habet.
1352 1023 1451 1060 Nam
1484 1023 1691 1072 genetivus
1723 1021 1771 1059 ad
1829 1030 1830 1054 3

290 1093 450 1130 verbum
490 1090 683 1129 accedens
726 1103 824 1140 non,
867 1094 910 1128 ut
946 1091 989 1129 G.
1021 1092 1248 1128 Hermanno
1286 1091 1450 1140 aliisque
1481 1091 1623 1140 placet,
1653 1089 1772 1139 parti-

291 1160 393 1197 tivus
430 1162 498 1204 est,
540 1158 608 1197 sed
641 1158 800 1196 ablativi
833 1170 994 1196 munere
1025 1157 1213 1208 fungitur.
1275 1158 1348 1195 Illa
1380 1158 1485 1196 notio
1516 1158 1688 1196 verbalis
1719 1156 1773 1194 di·

292 1226 471 1265 mittendi
504 1226 633 1263 itidem
666 1238 711 1263 ac
743 1226 906 1264 verbum
939 1228 1113 1264 nostrum
1150 1225 1389 1272 „loslassen“
1425 1226 1463 1263 in
1495 1237 1536 1263 se
1568 1226 1652 1274 ipsa
1684 1236 1772 1262 con-

292 1295 389 1333 tinet
427 1294 625 1332 notionem
668 1292 915 1342 discedendi,
965 1294 987 1331 i.
1018 1305 1050 1331 e.
1091 1293 1308 1331 subiectum
1349 1306 1372 1331 a
1412 1305 1584 1341 persona
1622 1292 1686 1330 vel
1731 1304 1773 1330 re
1829 1291 1830 1338 Ῑ

293 1363 435 1411 aliqua⁷
467 1362 514 1399 ad
548 1373 663 1410 quam
697 1361 797 1398 actio
830 1361 1001 1398 verbalis
1032 1360 1212 1410 refertur,
1244 1360 1450 1399 discedens
1478 1360 1656 1409 fingitur-3
1688 1371 1772 1397 eam

297 1441 502 1479 personam
535 1429 598 1466 vel
628 1441 720 1478 rem,
751 1441 773 1465 a
804 1440 882 1477 qua
913 1428 1127 1466 subiectum
1162 1428 1338 1477 discedit,
1369 1427 1530 1465 denotat
1559 1428 1631 1465 iste
1658 1438 1774 1474 gene-

293 1498 397 1535 tivus
439 1498 520 1535 sive
564 1496 774 1541 ablativus,
826 1496 862 1533 in
913 1496 1031 1534 verbo
1073 1498 1207 1533 nostro
1254 1494 1489 1541 „loslasseffl
1535 1494 1772 1544 praepositio

295 1564 436 1612 „von“.
503 1564 752 1603 Transitivus
795 1567 930 1601 contra
971 1564 1241 1613 accusativus,
1287 1564 1352 1613 qui
1397 1574 1416 1600 e
1449 1565 1582 1600 nostro
1615 1573 1772 1611 quoque
1825 1606 1830 1628 4

290 1632 415 1670 verbo
452 1630 687 1678 „loslassen“
723 1630 896 1680 pendere
928 1633 1069 1680 potest,
1102 1630 1248 1668 indicat
1277 1630 1470 1668 actionem
1502 1629 1700 1667 verbalem
1725 1628 1772 1666 ad
1823 1633 1825 1650 ¹

296 1699 489 1737 obiectum
521 1698 681 1748 aliquod
713 1699 921 1748 pertinere.

404 1779 583 1817 Genetivi
624 1779 705 1816 sive
743 1778 922 1826 ablativi,
963 1778 1193 1827 quibuscum
1225 1777 1465 1827 potissimum
1497 1776 1658 1815 verbum
1689 1777 1774 1814 iun·

291 1849 409 1898 gitur,
439 1851 532 1886 sunt
564 1837 711 1897 ἀλκῆς,
742 1843 970 1896 πολέμοιο,
1002 1839 1158 1896 μάχης.-
1191 1843 1222 1883 Δ
1245 1849 1325 1884 234
1355 1841 1530 1895 μεθίετε
1559 1837 1773 1895 θούριδος
1823 1852 1825 1868 ²

293 1907 431 1966 ἀλκῆς
462 1932 513 1946 =
546 1915 599 1953 M
612 1918 692 1955 409
725 1930 777 1945 z
811 1914 971 1963 N1163
1012 1912 1142 1953 41240
1164 1915 1296 1952 similis
1318 1916 1378 1951 est
1399 1926 1434 1951 v.
1454 1911 1599 1958 Z330;
1632 1910 1772 1956 A351;
1823 1917 1825 1932 ¹

299 1984 340 2022 lv
361 1987 424 2033 973
450 1987 544 2032 1143
571 1986 662 2032 1183
692 1982 745 2020 M
761 1985 851 2022 268.
911 1983 1124 2020 Praeterea
1154 1982 1313 2020 verbum
1348 1993 1434 2018 cum
1467 1981 1553 2019 aliis
1583 1980 1773 2029 genetivis
1824 1977 1825 1983 ’

293 2053 552 2090 construitur:
606 2050 644 2088 Φ
669 2054 743 2089 177
788 2046 881 2100 τρὶς
922 2045 967 2087 δὲ
996 2047 1164 2100 μεθῆκε
1194 2046 1329 2100 βίηςῑ)
1361 2064 1413 2078 z
1445 2059 1477 2096 φ
1501 2051 1596 2097 126;
1637 2058 1669 2095 φ
1691 2050 1769 2086 377

293 2120 506 2159 accedente
548 2119 700 2169 dativo,
750 2118 798 2156 de
841 2119 950 2156 cuius
991 2120 1135 2156 natura
1176 2118 1249 2155 iam
1291 2117 1330 2155 in
1370 2116 1502 2154 adnot.
1542 2115 1592 2157 ad
1630 2112 1772 2153 A283
1823 2119 1824 2127 ¹

295 2188 471 2226 disserui.

406 2255 531 2294 Semel
571 2255 733 2293 verbum
776 2266 862 2292 cum
904 2253 1087 2303 genetivo
1117 2264 1308 2303 personae
1338 2250 1481 2300 legitur
1511 2247 1543 2287 Δ
1564 2253 1664 2300 841,
1710 2249 1774 2288 ubi
1823 2290 1824 2303 χ

294 2323 455 2361 verbum
487 2322 811 2372 significationem
849 2320 1057 2360 deserendi
1086 2332 1182 2370 prae
1214 2332 1255 2358 se
1285 2319 1372 2358 fert.
1823 2309 1824 2313 ¹

407 2402 483 2439 Pro
523 2401 706 2451 genetivo
747 2400 830 2438 sive
869 2400 1040 2438 ablativo
1072 2399 1248 2448 sequitur
1279 2398 1496 2436 infinitivus
1527 2396 1575 2434 N
1591 2399 1687 2446 2343
1735 2393 1776 2434 Ψ
1825 2404 1830 2497 1

295 2472 388 2509 434.
456 2467 495 2506 Ω
521 2471 573 2507 48
621 2458 715 2506 ἀλλ’
754 2458 855 2518 ἦτοι
896 2460 1088 2511 κλαύσας
1127 2462 1201 2503 καὶ
1247 2456 1515 2515 ὀδυράμενος
1557 2459 1773 2514 μεθέηκεν
1824 2501 1830 2509 ,

296 2537 490 2575 Ameisius
529 2536 613 2574 iure
654 2537 802 2583 monet,
851 2548 899 2573 ne
940 2534 1149 2584 participia
1185 2534 1252 2571 illa
1293 2533 1426 2571 aoristi
1457 2545 1503 2570 ex
1534 2532 1619 2580 ipso
1649 2531 1772 2568 verbo

295 2600 509 2654 μεθέηκεν
549 2603 723 2652 pendere
765 2605 962 2652 putemus3
1014 2603 1128 2639 immo
1169 2613 1217 2638 ex
1257 2601 1340 2638 istis
1377 2599 1594 2649 participiis
1639 2598 1772 2636 aoristi

411 2734 438 2773 1)
470 2731 686 2766 Genetivum
711 2731 745 2764 Φ
767 2733 827 2764 177
854 2730 969 2764 dativi
987 2729 1111 2764 traditi
1134 2729 1214 2763 loco
1239 2738 1283 2762 ex
1309 2741 1335 2772 φ
1357 2731 1417 2762 126
1442 2727 1599 2761 Homero
1623 2724 1775 2760 redden-

298 2788 383 2822 dum
409 2797 490 2822 esse
516 2796 640 2821 omnes
666 2786 825 2821 editores
851 2789 936 2830 post
960 2784 1168 2820 Bekkerum
1194 2784 1440 2819 consentiunt.
1823 2784 1830 2871 S
