1830 3201
290 170 368 205 174

288 275 450 326 semus1)
482 279 504 316 i.
532 291 563 317 e.
595 280 751 318 saeculo
772 280 896 329 primo
928 283 996 318 aut
1016 281 1141 319 altero
1171 295 1204 319 a.
1226 281 1314 320 Chr.
1336 295 1372 320 n.
1421 281 1630 330 Didymum
1660 283 1760 320 enim

289 346 575 384 commentariis
605 346 802 385 historicis
834 359 945 385 usum
979 359 1065 386 esse
1100 360 1221 397 supra
1250 349 1419 398 probare
1449 349 1679 395 studuimus⁷
1719 351 1762 387 ut

287 415 374 461 post
395 413 676 451 Callimachum
708 417 745 452 et
774 417 865 452 ante
888 415 1097 464 Didymum
1126 416 1272 454 vixisse
1304 428 1436 454 eorum
1459 422 1658 455 auctorem
1688 428 1760 466 pro

289 482 395 518 certo
419 480 468 517 sit
489 480 723 518 habendum.
773 482 852 519 Iam
876 482 1070 520 concedes
1097 482 1337 521 Zenodotum
1359 483 1672 521 Alexandrinum
1694 486 1762 521 aut

287 547 488 585 Mallotam
520 547 733 587 confecisse
765 549 969 598 epitomas;
1007 550 1074 587 sed
1105 553 1194 588 uter
1225 562 1290 588 eas
1321 551 1610 600 conscripserit,
1645 551 1761 589 hodie

288 626 310 651 a
340 614 451 652 nobis
482 614 651 653 discerni
682 615 863 665 nequitfl)
923 617 1012 654 Non
1044 617 1269 665 ignoramus
1299 617 1406 666 apud
1437 617 1593 655 Suidam
1624 618 1661 656 in
1694 619 1760 656 Ze-

289 681 422 720 nodoti
443 681 703 721 Alexandrini
724 683 805 721 vita
837 684 915 733 legi
947 676 1108 733 ἔγραψε
1141 714 1147 721 .
1182 714 1190 722 .
1225 714 1232 722 .
1263 681 1336 721 καὶ
1370 675 1479 721 ἄλλα
1509 677 1661 734 συχνά;
1691 685 1761 724 sed

289 749 371 786 eius
401 752 492 787 sunt
522 752 688 788 naturae
730 751 827 788 haec
857 751 991 799 verba,
1028 754 1072 788 ut
1106 751 1198 789 inde
1236 752 1419 790 iudicium
1458 751 1651 801 proficisci
1683 765 1760 791 non

287 817 426 865 possit;
469 817 545 854 huc
577 817 729 855 accedit
770 818 875 867 quod
906 819 1129 867 Hesychius
1168 819 1357 857 Zenodoti
1387 819 1569 857 Mallotae
1605 820 1760 858 omnino

288 884 523 922 mentionem
555 897 633 922 non
666 884 770 923 fecit.
828 886 970 935 Neque
1001 898 1049 924 ex
1080 886 1146 924 illa
1177 898 1230 936 re,
1261 886 1367 935 quod
1398 887 1621 925 Zenodotus
1642 887 1761 925 Alex-

288 951 478 989 andrinus
501 956 761 990 commoratus
784 955 842 990 est
862 953 1135 1003 Alexandriae,
1168 956 1210 991 ut
1240 966 1402 1003 operum
1426 954 1663 1002 Callimachi,
1694 954 1760 1004 qui

286 1018 427 1057 ibidem
459 1019 589 1057 sedem
620 1020 766 1068 habuit,
796 1021 932 1058 notitia
961 1020 1141 1059 facillime
1162 1021 1210 1058 ad
1234 1034 1321 1059 eum
1342 1021 1551 1070 pervenire
1577 1023 1760 1071 potuerit,

286 1086 370 1123 iure
410 1089 683 1135 argumentum
719 1087 882 1135 petitur;
925 1099 1013 1124 nam
1051 1087 1100 1124 de
1132 1087 1327 1126 domicilio
1361 1088 1548 1126 Zenodoti
1578 1088 1761 1126 Mallotae

287 1153 381 1191 nihil
413 1156 470 1191 est
502 1153 699 1191 traditum.
758 1154 867 1201 Quae
897 1166 982 1191 cum
1005 1154 1058 1192 ita
1079 1155 1168 1204 sint,
1198 1167 1279 1193 rem
1310 1156 1349 1193 in
1380 1155 1506 1194 medio
1536 1156 1760 1205 relinquen-

289 1220 375 1258 dam
407 1232 492 1259 essc
523 1233 751 1269 persuasum
782 1221 980 1260 habemus.

399 1345 444 1382 In
477 1357 639 1383 numero
671 1345 871 1394 librorum,
911 1358 1077 1394 quorum
1117 1345 1165 1383 de
1195 1348 1355 1384 auctore
1393 1346 1578 1384 iudicium
1610 1349 1758 1385 certum

287 1411 369 1449 fieri
400 1424 478 1450 non
509 1425 626 1461 posse
666 1424 818 1461 censeo,
859 1424 945 1450 cum
986 1412 1133 1450 nudum
1172 1413 1361 1451 Zenodoti
1395 1426 1535 1452 nomen
1574 1415 1758 1454 traditum

287 1480 347 1528 sit,
378 1480 716 1517 commemoranda
744 1483 803 1517 est
830 1483 987 1528 praeter
1009 1481 1307 1517 commentarios
1328 1480 1536 1519 historicos
1568 1482 1649 1520 sive
1681 1486 1759 1534 epi-

286 1549 410 1584 tomas
449 1547 732 1596 commentatio,
772 1558 872 1595 quae
907 1547 1133 1584 inscribitur
1172 1541 1347 1583 ἐθνικαὶ
1379 1543 1525 1596 λέξεις.
1592 1549 1679 1597 Quo
1711 1563 1759 1590 ex

286 1613 385 1651 libro
418 1613 514 1651 haec
544 1612 763 1650 testimonia
793 1613 982 1662 originem
1014 1612 1174 1651 duxisse
1205 1613 1387 1651 arbitror:

400 1691 538 1729 Galeni
558 1692 675 1740 gloss.
696 1691 735 1728 in
758 1692 944 1741 Hippocr.
972 1703 1000 1729 s.
1022 1703 1056 1727 v.
1077 1687 1255 1739 πε’ζαι3);
1292 1686 1339 1728 ἐν
1360 1689 1423 1742 τῷ
1447 1689 1637 1744 δευτέρῳ
1668 1692 1760 1732 τῶν

286 1755 549 1809 γυναικείων
580 1750 722 1803 οὕτως
753 1755 1003 1808 γέγραπται.
1056 1755 1128 1795 καὶ
1160 1753 1200 1796 οἱ
1231 1753 1364 1804 πόδες
1395 1755 1677 1807 οἰδίσκονται,
1715 1756 1758 1799 αἱ

285 1823 410 1876 πεζαι
440 1821 639 1876 μάλιστα.
692 1820 941 1877 Ζηνόδοτος
970 1822 1049 1876 μὲν
1079 1813 1162 1863 οὖν
1192 1822 1239 1863 ἐν
1268 1831 1362 1871 ταῖς
1393 1821 1591 1872 ἐθνικαῖς
1621 1825 1759 1877 λέξεσι

287 1890 425 1941 πέζαν
455 1889 557 1944 φησὶ
597 1887 677 1930 τὸν
716 1884 834 1930 πόδα
874 1892 1026 1930 καλεῖν
1056 1884 1261 1943 Ἀρκάδας
1301 1891 1370 1930 καὶ
1405 1892 1592 1944 Δωριεῖς.
1637 1887 1680 1933 Ὁ
1711 1892 1757 1933 δὲ

283 1950 574 2012 Ἱπποκράτης
605 1954 745 1998 ἔοικεν
780 1953 806 2011 ἢ
837 1955 889 1997 τὸ
918 1958 1075 1998 πεδίον
1106 1955 1382 2011 καλούμενον
1414 1959 1493 1999 τοῦ
1516 1956 1656 2008 ποδὸς
1687 1953 1756 2001 οὕ·

286 2040 373 2073 τως
403 2018 679 2078 ὠνομακέναι
710 2022 735 2080 ἢ
764 2022 818 2066 τὰ
848 2022 1004 2078 σφυρά.

398 2101 549 2139 Ibidem
580 2114 610 2140 s.
632 2115 666 2140 v.
693 2099 854 2140 πέλλαε
900 2101 1043 2151 πελία,
1083 2098 1313 2155 υπόκιρρα.
1369 2096 1425 2142 Τὰ
1458 2101 1502 2143 δὲ
1539 2095 1651 2143 αὐτὰ
1684 2103 1756 2143 καὶ

285 2160 440 2217 πελιρὰ
472 2159 687 2219 ὀνομάζει.
730 2165 980 2221 Ζηνόδοτος
1012 2168 1057 2209 δὲ
1088 2167 1134 2209 ἐν
1161 2176 1256 2217 ταῖς
1283 2168 1480 2218 ἐθνικαῖς
1511 2169 1650 2221 λέξεσι
1680 2172 1756 2210 Σι-

286 2232 505 2280 κυωνίους
537 2234 638 2287 φησὶ
672 2231 723 2274 τὸ
755 2231 910 2287 κιρρὸν
940 2235 1106 2276 πέλλον
1137 2230 1380 2289 ὀνομάζειν.

397 2304 540 2342 Athen.
566 2317 603 2354 p.
620 2307 698 2343 327
715 2307 764 2343 B:
792 2299 1041 2356 Ζηνόδοτος
1064 2303 1111 2344 δέ
1126 2316 1229 2357 φησι
1246 2304 1523 2358 Κυρηναίους
1544 2298 1625 2345 τὸν
1646 2298 1756 2359 ὕκην

399 2452 427 2493 1)
462 2449 517 2484 Cf.
542 2460 649 2494 pagg.
672 2453 742 2485 148.
770 2453 842 2494 160,
867 2449 929 2484 ubi
955 2450 1000 2485 de
1024 2453 1187 2494 tempore
1205 2448 1377 2484 Zenodoti
1395 2449 1564 2485 Mallotac
1590 2454 1626 2485 et
1642 2451 1756 2486 Alex-

286 2507 430 2542 andrini
453 2507 602 2550 egimus.

397 2564 427 2606 2)
458 2562 682 2597 Zenodotum
708 2562 998 2597 Alexandrinum
1023 2563 1202 2597 intellexit
1225 2562 1411 2597 Duentzcr
1435 2574 1469 2607 p.
1488 2566 1541 2607 28,
1572 2563 1754 2598 Mallotam

287 2619 485 2654 Schneider
509 2619 531 2652 l.
549 2629 577 2652 c.
602 2629 655 2652 nr.
674 2622 748 2662 218,
775 2618 937 2654 Schmidt
961 2620 982 2654 l.
1000 2630 1028 2654 c.
1054 2630 1088 2663 p.
1109 2622 1182 2663 253,
1208 2619 1272 2653 sed
1290 2618 1428 2653 frustra
1444 2623 1668 2663 argumenta,
1689 2629 1755 2654 cur

286 2676 376 2710 alter
399 2675 547 2709 alteram
573 2674 791 2708 sententiam
818 2678 966 2709 secutus
992 2675 1049 2719 sit,
1074 2674 1338 2718 requisivimus.

398 2732 425 2775 3)
456 2730 632 2773 Erotiani‚
664 2730 802 2773 Galeni‚
835 2731 1010 2766 Herodoti
1042 2731 1186 2774 glossae
1222 2730 1258 2763 in
1290 2730 1558 2779 Hippocratem.
1602 2731 1669 2767 Ed.
1695 2731 1753 2767 Fr.

286 2787 412 2822 Franz.
448 2790 541 2821 1780.
