1830 3201
283 174 362 208 216

393 283 499 320 Haec
531 281 610 319 fere
642 281 857 329 habuimus,
894 294 993 331 quae
1026 282 1073 320 de
1105 281 1244 320 studiis
1276 281 1463 320 Zenodoti
1496 282 1651 331 Ephesii
1692 294 1757 320 ex-

280 353 393 399 cepta
424 350 649 387 recensione
681 350 888 387 Homerica
920 349 1150 388 diceremus.
1209 350 1414 399 Reliquum
1447 354 1516 398 est,
1546 353 1588 387 nt
1619 349 1756 399 paucis

279 416 655 466 comprehendamus
686 429 786 466 quae
819 418 1127 467 exposuerimus.
1187 417 1363 455 Confecit
1394 417 1617 456 Zenodotus
1647 430 1758 466 prae-

279 488 338 522 ter
374 484 582 522 editionem
616 485 861 522 Homericam
901 485 1050 530 librum,
1090 485 1155 534 qui
1193 485 1404 534 inscriptus
1442 484 1515 522 fuit
1551 482 1756 534 γλῶσσαι,

280 552 529 589 recensiones
560 554 763 600 poetarum
797 552 994 602 epicorum
1028 555 1066 590 et
1098 552 1328 601 lyricorum3
1361 552 1440 601 egit
1469 556 1677 600 praeterea
1709 551 1757 590 de

278 620 460 667 Homero,
487 620 727 668 computavit
750 631 932 657 numeros
954 619 1104 658 dierum
1129 619 1274 657 Iliadis.
1335 620 1514 658 Ceterum
1538 619 1636 658 haec
1658 632 1758 658 com-

279 687 429 736 putatio
461 685 611 724 dierum
645 690 682 725 et
713 687 778 724 illa
809 686 1031 725 dissertatio
1064 688 1284 736 Homerica,
1315 690 1357 724 ut
1378 687 1432 725 ita
1454 687 1592 733 dicam,
1625 690 1756 726 utrum

278 753 508 792 referendae
539 755 614 792 sint
646 754 693 792 ad
727 755 847 793 libros
876 755 1104 804 peculiares,
1136 767 1184 792 an
1218 754 1291 793 hae
1312 767 1375 792 res
1406 755 1443 792 in
1467 767 1544 793 una
1567 767 1757 793 commen-

279 821 425 859 tatione
457 824 649 859 tractatae
680 821 835 868 fuerint,
868 834 983 871 quam
1016 822 1148 859 Iliadis
1170 822 1389 860 recensioni
1421 834 1613 860 annexam
1636 822 1758 861 fuisse

278 891 417 938 putare
449 888 551 937 licet,
587 901 635 927 an
668 889 716 927 de
747 890 911 938 singulis
943 902 990 927 ex
1023 892 1135 938 parte
1167 889 1325 939 quidem
1364 890 1401 928 in
1435 890 1546 928 libris
1583 891 1647 928 alii
1680 903 1757 928 ma-

280 957 403 993 teriae
435 955 639 994 destinatis
670 957 876 995 occasione
908 957 998 995 data
1030 957 1148 995 verba
1170 956 1305 995 fecerit
1326 956 1559 1003 Zenodotus,
1593 957 1759 996 discerni

280 1023 424 1072 nequit.
484 1024 615 1073 Atque
654 1023 701 1062 de
738 1023 871 1062 indole
909 1028 946 1062 et
984 1027 1122 1062 natura
1161 1024 1378 1063 studiorum
1418 1025 1757 1075 grammaticorum

280 1092 383 1129 hunc
421 1092 456 1128 in
496 1091 649 1129 modum
692 1091 833 1130 iudico.
896 1093 1084 1131 Versatus
1121 1096 1179 1131 est
1220 1093 1258 1130 in
1292 1093 1496 1131 vocabulis
1532 1092 1757 1131 difficiliori-

278 1159 349 1196 bus
392 1158 440 1195 ad
481 1159 784 1208 intellegendum
828 1160 1073 1210 explicandis
1117 1161 1185 1208 ita,
1232 1164 1273 1198 ut
1317 1160 1638 1209 significationem
1684 1163 1758 1199 sta-

279 1229 407 1264 tueret
445 1230 625 1275 respecto
663 1239 766 1265 nexu
803 1227 1084 1265 sententiarum
1128 1228 1308 1277 neglecta
1345 1227 1622 1278 originatione3
1664 1240 1758 1266 usus

280 1298 339 1331 est
379 1295 415 1331 in
455 1297 657 1343 poetarum
697 1295 931 1333 carminibus
969 1295 1224 1333 emendandis
1268 1307 1314 1333 ea
1351 1296 1517 1343 ratione,
1558 1299 1600 1333 ut
1641 1308 1756 1345 quam

278 1361 362 1410 ipse
394 1373 521 1399 rerum
555 1362 816 1410 cognitionem
850 1362 995 1400 habere
1032 1362 1101 1400 sibi
1134 1363 1241 1400 visus
1274 1365 1343 1408 est,
1381 1363 1503 1411 poetis
1535 1362 1758 1400 adscriben-

280 1428 365 1466 dam
399 1440 483 1466 esse
522 1432 711 1478 censeret,
749 1433 789 1466 nt
827 1430 962 1467 mirum
996 1442 1071 1467 non
1104 1431 1163 1477 sit,
1201 1429 1305 1479 quod
1338 1429 1553 1478 singularia
1590 1434 1628 1468 et
1658 1443 1758 1479 quae

279 1495 447 1544 liberius,
493 1500 535 1534 ut
575 1499 633 1533 est
673 1499 875 1544 poetarum
919 1509 1011 1543 mos,
1058 1497 1160 1535 dicta
1202 1500 1312 1546 sunt,
1357 1509 1560 1535 removere
1601 1497 1760 1543 studuit,

279 1564 459 1612 Denique
497 1564 736 1602 Zenodotum
778 1577 800 1601 a
838 1565 995 1602 licentia
1032 1569 1068 1602 et
1106 1565 1353 1614 neglegentia
1393 1577 1469 1602 nou
1507 1565 1758 1603 abhorruisse

280 1632 366 1668 luce
405 1634 462 1667 est
499 1632 656 1678 clarius,
696 1635 865 1669 attamen
904 1635 1053 1670 tantum
1091 1632 1214 1680 abest,
1253 1635 1294 1670 ut
1331 1632 1466 1681 pingui
1505 1632 1682 1670 Minerva
1721 1635 1759 1670 et

278 1697 390 1735 tardo
422 1699 578 1746 ingenio
615 1701 737 1736 artem
776 1699 947 1737 criticam
987 1700 1220 1745 exercuerit,
1261 1702 1301 1737 ut
1340 1700 1440 1737 ratio
1478 1703 1516 1737 et
1553 1699 1756 1737 consilium

278 1766 310 1802 ei
345 1775 421 1803 uon
455 1766 635 1804 defuerit.
