1815 3231
1450 177 1522 213 241

42 306 178 345 μαχος
218 292 326 339 κτλ,
367 294 541 331 similiter
584 292 704 330 schol.
740 294 854 340 Vesp.
895 294 981 340 197,
1025 291 1094 329 Αν.
1130 294 1219 337 790,
1262 291 1529 329 Ί’1ιρ5ῐι].804

45 364 68 401 l.
93 365 142 401 15
158 374 260 411 sqq:
293 356 366 397 καὶ
397 355 499 405 ἴσως
531 349 663 397 οὐδὲν
685 349 921 409 ἀξιόλογον
944 354 1148 408 ἔπραξεν·
1183 352 1250 395 (διὸ
1275 354 1383 407 λέγει
1418 353 1530 407 δῆλα

43 420 98 468 τὰ
119 424 236 480 ἔργα,
271 429 338 467 ubi
370 428 504 466 addito
536 423 639 472 ἴσως
672 427 776 465 clare
800 427 994 464 indicatur
1027 428 1278 464 scholiastam
1313 426 1405 463 nihil
1429 425 1530 462 aliud

45 498 92 536 de
125 498 324 536 Charmini
364 497 484 534 rebus
515 496 636 545 gestis
677 498 918 544 compertum
955 495 1096 532 habere
1134 495 1203 532 nisi
1237 493 1339 543 qnod
1374 494 1531 530 haurire

44 566 217 616 potnerit
255 578 275 603 e
313 567 453 614 poetae
485 563 624 601 verbis.
686 563 862 601 Eundem
903 564 939 600 in
974 562 1128 600 modum
1167 563 1434 611 comparatum
1474 563 1532 598 est

44 634 166 673 schol.
192 635 229 672 II
262 634 357 670 Rau.
388 634 465 672 153
499 632 520 669 l.
550 634 602 670 43
621 644 707 680 sqq.
748 631 1017 679 nonnullaque
1061 631 1145 677 alia,
1188 643 1301 680 quae,
1343 642 1427 667 eum
1472 641 1532 667 res

46 702 132 751 ipsa
162 702 250 739 luce
283 700 424 738 clarior
457 700 517 748 sit,
548 699 704 747 singula
735 699 875 736 afferre
908 698 1020 735 faeile
1052 697 1341 746 supersedeam.

157 769 294 817 Longe
338 768 506 805 maxima
546 770 675 804 autem
722 765 944 803 huiusmodi
985 766 1221 803 scholiorum
1265 777 1355 814 pars
1398 765 1451 802 ita
1491 777 1532 802 se

45 836 178 884 habet,
220 839 262 873 ut
302 847 372 884 pro
406 837 512 872 certo
556 835 744 871 afferatur
780 834 1008 882 explicatio,
1051 834 1161 881 quasi
1207 833 1236 870 si
1280 832 1439 870 aliunde
1484 845 1532 869 ex

46 905 221 943 historici
251 904 402 941 aliusve
423 903 596 941 auctoris
618 903 716 940 libro
740 902 908 951 quodam
943 902 1100 950 cognita
1132 904 1237 938 esset
1269 912 1344 949 res,
1377 914 1451 938 non
1485 900 1532 937 ab

46 973 260 1022 interprete
291 973 376 1020 ipso
409 984 429 1009 e
460 974 599 1020 poetae
621 971 752 1008 verbis
788 970 938 1019 hausta,
969 970 1051 1007 sive
1084 973 1223 1018 poetae
1246 981 1384 1006 versus
1406 969 1534 1017 gratia

45 1041 216 1078 inventa.
276 1041 417 1088 Neque
448 1051 543 1076 vero
583 1051 737 1087 semper
776 1038 892 1075 talem
933 1037 1219 1087 neglegentiam
1252 1057 1305 1060 ——
1337 1049 1385 1073 an
1418 1037 1531 1073 simu-

45 1108 230 1146 lationem
255 1107 370 1145 dieo‘?
392 1128 444 1131 —-
467 1108 505 1144 in
529 1107 575 1144 iis
601 1107 774 1154 scholiiS,
798 1119 899 1155 quae
922 1105 969 1143 ad
993 1105 1122 1142 studia
1143 1107 1320 1142 veterum
1343 1117 1534 1154 gramma-

45 1177 210 1214 ticorum
242 1175 391 1214 referre
428 1187 636 1224 possumus
675 1173 926 1224 (quamquam
966 1174 1020 1211 rei
1054 1177 1194 1211 natura
1229 1172 1304 1209 fert
1343 1172 1430 1209 huic
1462 1172 1534 1220 ipsi

45 1243 333 1293 interpretandi
365 1243 500 1294 generi
548 1255 664 1292 quam
698 1243 864 1280 maxime
904 1241 1111 1279 indulsisse
1148 1240 1420 1289 recentiores),
1457 1241 1530 1277 iam

45 1312 245 1350 veteribus
289 1312 366 1349 illis
412 1311 676 1360 grammaticis
730 1311 879 1348 crimini
933 1310 1102 1347 dandam
1149 1321 1250 1357 esse,
1301 1308 1367 1346 sed
1415 1320 1533 1357 saepe

47 1379 331 1430 posterioribus
359 1379 512 1416 demum
543 1379 783 1428 temporibus
816 1380 953 1426 ortam,
986 1391 1072 1415 eum
1107 1377 1281 1414 certatim
1314 1377 1351 1413 in
1375 1376 1533 1413 brevius

48 1448 381 1486 contraherentur
418 1448 683 1486 commentarii
721 1451 758 1484 et
794 1447 866 1484 sub
904 1446 1141 1484 scholiorum
1178 1444 1301 1482 forma
1336 1444 1373 1481 in
1405 1456 1532 1481 exem-

47 1517 171 1566 plaria
203 1515 463 1565 deferrentur,
494 1527 564 1553 nos
596 1527 755 1564 quoque
786 1515 847 1551 hic
879 1514 956 1551 illic
988 1517 1096 1551 certo
1127 1524 1366 1562 cognoscere
1399 1524 1517 1560 possu

48 1596 142 1622 mus.
204 1585 255 1622 Ut
285 1583 334 1621 ad
367 1584 496 1632 Equit.
528 1586 606 1622 331
642 1583 720 1620 duo
752 1582 872 1619 habes
903 1582 1063 1630 scholia,
1094 1581 1203 1630 prius
1235 1581 1319 1618 sine
1351 1580 1431 1617 ulla
1464 1578 1532 1616 du-

46 1652 233 1690 bitatione
264 1664 345 1690 rem
377 1652 558 1700 afferens,
591 1652 757 1688 alterum
791 1650 839 1688 ad
863 1650 1025 1688 eandem
1050 1648 1349 1698 explicationem
1381 1647 1532 1685 addens

49 1713 201 1765 ἐδόκει,
233 1723 300 1758 aut
331 1721 420 1757 Pac.
445 1722 537 1767 289,
569 1719 633 1756 ubi
667 1719 716 1756 nd
748 1718 1045 1768 interpretanda
1076 1719 1215 1766 poetae
1248 1716 1383 1753 verba:

319 1786 402 1825 νῦν
432 1777 554 1824 τοῦτ’
577 1776 705 1824 ἐκεῖυ)
729 1779 825 1837 ἥκει
856 1779 907 1823 τὸ
936 1779 1119 1829 Δάτιδος
1145 1780 1273 1834 μέλος

319 1847 342 1891 δ’
376 1845 619 1905 δεφόμενός
650 1845 750 1892 ,ποτ’
774 1846 844 1903 ᾖδε
876 1851 952 1905 τῆς
981 1849 1244 1903 μεσηιιιβρὶας

318 1912 377 1968 (ὃς
404 1914 563 1974 ’ἥδομαι
595 1919 664 1959 καὶ
696 1919 901 1972 χαίρομαι
933 1911 1262 1970 κεύφραίνομαι,

50 1994 204 2030 exstant
234 1991 386 2029 scholia
418 1993 616 2040 quattuor,
647 2003 812 2039 quorum
845 1991 919 2027 tria
951 1988 984 2036 (Ι
1014 1989 1036 2026 l.
1059 1991 1235 2038 :35—41,
1268 1986 1373 2037 quod
1408 1998 1532 2035 usque

49 2059 98 2096 ad
130 2050 384 2109 ἐβαρβάρισε
421 2057 502 2096 fere
539 2058 811 2106 transscripsit
842 2056 983 2096 Suidas
1015 2068 1042 2093 s.
1065 2069 1100 2093 v.
1126 2051 1210 2091 νῦν
1240 2045 1362 2091 τοῦτ’
1385 2077 1436 2081 --
1463 2049 1532 2103 μέ-

52 2126 140 2173 λος,
172 2127 210 2164 II
242 2127 266 2164 l.
287 2128 463 2171 42—47,
498 2126 552 2163 III
584 2126 606 2162 l.
636 2128 688 2164 50
719 2125 767 2162 ad
791 2121 921 2172 finem)
953 2124 1000 2161 ab
1024 2123 1158 2161 eodem
1182 2122 1405 2172 dependere
1428 2134 1532 2159 eom-

50 2195 240 2233 mentario
273 2194 353 2232 sive
377 2194 523 2232 scholio
547 2194 759 2231 vetustiore
790 2193 914 2242 primo
938 2194 1101 2240 aspectu
1133 2191 1271 2228 elucet.
1330 2190 1402 2227 Hie
1434 2202 1531 2238 quo-

51 2275 127 2312 que
165 2262 259 2300 illud
298 2261 444 2300 factum
483 2264 553 2312 est,
590 2262 696 2311 quod
734 2265 849 2299 antea
880 2260 1060 2308 vidimus,
1097 2263 1138 2296 ut
1174 2262 1288 2296 vetus
1326 2258 1533 2306 interpres,

50 2330 134 2368 sine
156 2330 272 2368 dubio
296 2329 501 2379 Didymus,
531 2330 642 2367 cuius
664 2330 786 2367 verba
809 2329 953 2377 optime
976 2331 1131 2365 servata
1153 2330 1243 2364 sunt
1264 2326 1300 2362 in
1324 2326 1473 2363 scholio
1496 2326 1531 2362 II

52 2397 185 2436 addito
217 2397 353 2435 scholii
380 2397 435 2435 IV
461 2397 554 2435 fine:
596 2392 710 2441 τινὲς
748 2392 795 2433 δέ
829 2394 938 2441 κτλ,
979 2395 1204 2433 dubitanter
1243 2406 1322 2432 rem
1365 2394 1532 2441 afferret,

50 2465 288 2516 posteriores
327 2464 450 2513 magis
489 2464 662 2514 magisve
700 2467 819 2502 eerto.
887 2462 1063 2501 Alterius
1101 2461 1235 2499 scholii
1273 2461 1395 2498 verba
1436 2460 1531 2498 haec

53 2536 160 2571 sunt:
193 2524 443 2581 στοχάζεται
484 2529 605 2582 (quod
637 2531 867 2570 vocabulum
907 2543 993 2568 cum
1030 2530 1126 2568 falso
1163 2529 1226 2567 hic
1256 2529 1384 2566 active
1421 2540 1532 2566 usur-

52 2603 179 2650 petur,
206 2600 318 2648 quasi
344 2599 374 2637 si
397 2599 661 2638 deduceretur
688 2613 710 2638 a
732 2591 942 2648 στοχάζω,
973 2599 1011 2635 in
1033 2598 1116 2635 aliis
1138 2597 1297 2635 scholiis
1319 2597 1415 2645 Equ.
1438 2599 1532 2646 574,

53 2669 170 2716 Vesp.
190 2670 268 2706 283
297 2667 584 2705 intransitivam
612 2679 766 2716 semper
789 2666 865 2703 vim
893 2666 1055 2715 habens,
1082 2666 1212 2704 elucet
1239 2676 1377 2702 nomen
1404 2676 1530 2713 gram-

54 2735 195 2784 matici,
231 2735 297 2784 qui
329 2735 532 2783 sequentia
563 2735 786 2784 suspicatus
818 2735 876 2771 est
906 2730 1109 2781 [Didymi],
1141 2743 1226 2770 esse
1258 2731 1453 2780 omissum,
1490 2733 1533 2768 ut

55 2802 236 2852 equidem
267 2801 432 2840 scribam
470 2798 659 2852 Δίδυμος
694 2793 962 2851 στοχάζεται)
999 2790 1067 2837 ὅτι
1105 2794 1168 2850 εἴη
1210 2789 1265 2835 ἂν
1301 2793 1531 2849 διαμνημο-
