1830 3201
279 169 332 207 90

278 279 486 317 verisimile
518 278 680 317 eandem
712 279 874 317 formam
907 279 1019 318 modo
1051 293 1122 329 pro
1153 280 1308 326 aoristo,
1340 281 1453 319 modo
1484 293 1554 330 pro
1578 281 1752 331 perfecto

278 358 363 385 esse
394 346 675 395 accipiendam.
730 348 897 397 Insuper
918 347 1133 397 perfectum
1157 359 1193 385 ω
1211 351 1261 387 62
1283 348 1322 386 in
1345 350 1568 387 contextum
1591 340 1753 398 prorsus

278 427 355 452 non
388 413 585 463 quadrare
616 413 727 452 facile
760 417 933 464 apparet.

393 481 649 519 Intransitiva
680 481 786 520 notio
818 482 953 520 aoristi
984 474 1170 532 (ὄρθρον,
1201 485 1243 520 ut
1273 482 1378 520 locos
1407 484 1577 532 afferam,
1621 483 1756 521 subest

280 547 325 585 N
344 551 394 587 78
426 545 499 585 καί
528 559 600 597 μοι
631 544 762 597 μένωΊ
793 542 958 599 ὤρορε
1006 548 1039 585 θ
1063 552 1141 588 539
1174 544 1219 597 ἐξ
1248 537 1300 586 οὗ
1334 545 1578 600 δορπέομέν
1607 561 1652 587 τε
1683 545 1756 586 καὶ

280 605 419 664 ὤρορε
463 613 587 659 θεῖος
628 606 795 660 ἀοιδός,
845 616 986 665 quibus
1027 616 1122 654 loeis
1166 616 1488 654 adnumerandus
1529 619 1586 654 est
1616 628 1672 654 vs.
1703 619 1754 655 62

279 683 460 720 carminis
502 694 538 719 ω
580 686 708 719 τοῖον
750 676 831 733 γὰρ
872 672 1080 733 ὑπώρορε
1120 680 1279 721 Μοῦσα
1316 679 1465 733 λίγεια.
1531 684 1620 721 Non
1651 686 1756 721 recte

279 748 452 788 Seilerus
495 750 640 799 aliique
685 750 846 788 verbum
889 751 924 788 h.
957 752 978 788 l.
1020 751 1269 788 transitivum
1302 751 1470 800 intellegi
1502 751 1639 789 volunt
1668 763 1756 789 ver-

279 819 405 855 tentes
454 829 518 862 „so
559 817 650 855 sehr
691 818 826 855 riihrte
867 818 928 855 die
968 817 1116 863 Muse“‚
1167 819 1187 855 i.
1219 830 1250 855 e.
1300 818 1394 863 „das
1433 816 1594 867 (Klage)
1630 817 1751 856 Lied“

280 884 489 930 (obiectum
509 873 725 934 Ἀργείους
746 897 766 923 e
787 885 1057 935 superioribus
1078 885 1192 923 facile
1214 885 1412 923 subaudiri
1435 884 1597 935 potest);
1629 897 1757 934 neque

280 952 379 989 enim
423 963 585 1001 usquam
628 952 790 990 verbum
830 952 996 1001 simplex
1038 956 1104 991 aut
1142 953 1222 990 eius
1255 953 1470 1003 composita.
1500 952 1602 990 illam
1634 956 1756 991 trans-

281 1019 395 1057 latam
427 1019 748 1069 significationem
787 1020 981 1065 „riihren“
1018 1020 1242 1059 ostendunt.

836 1128 877 1171 2.
926 1123 1198 1183 ἀραρίσκω.

395 1212 465 1249 Vix
509 1224 529 1249 c
570 1211 728 1249 notione
771 1211 944 1250 affinium
982 1211 1190 1250 verborum
1221 1212 1259 1249 in
1292 1212 1425 1260 lingua
1455 1210 1690 1250 Sanscritica
1721 1215 1759 1249 et

281 1279 449 1317 Zendica
490 1279 694 1317 obviorum
736 1279 918 1317 concludi
960 1281 1106 1328 potest,
1155 1282 1243 1317 utra
1283 1278 1516 1327 significatio
1557 1279 1595 1316 in
1636 1279 1758 1317 verbo

281 1345 607 1394 Indogermanico
641 1346 870 1395 principalis
901 1346 1031 1391 fuerit7
1062 1346 1313 1384 intransitiva
1343 1358 1392 1383 an
1423 1345 1636 1383 transitiva.
1681 1345 1757 1384 Sed

280 1413 310 1451 si
352 1412 480 1451 animo
521 1414 768 1462 reputaveris
808 1413 1025 1462 perfectum
1065 1414 1099 1450 II
1141 1413 1255 1451 activi
1299 1403 1435 1463 ἄρηρα
1467 1425 1622 1461 semper
1652 1413 1758 1462 apud

281 1478 538 1525 Homerum¹)
576 1492 647 1518 nec
680 1481 804 1518 minus
835 1480 940 1530 apud
972 1483 1152 1530 posteros
1184 1481 1395 1529 scriptores
1425 1480 1674 1518 intransitiva
1705 1481 1759 1518 uti

281 1547 564 1596 significatione
605 1549 753 1597 pariter
794 1561 839 1586 ac
881 1548 1097 1598 perfectum
1129 1549 1163 1586 ΙΙ
1204 1540 1354 1598 ὅρωρα
1385 1548 1433 1585 ad
1466 1538 1621 1598 ὄρνυμι
1651 1560 1762 1598 spec:

282 1618 381 1664 tans,
412 1615 518 1664 quod
550 1616 712 1654 verbum
745 1607 902 1665 ὄρνυμι
933 1616 1098 1654 aoristos
1130 1619 1168 1653 et
1199 1615 1415 1664 perfectum
1445 1615 1561 1653 activi
1584 1615 1759 1653 similiter

281 1683 371 1721 ficta.
410 1686 529 1733 atque
572 1672 795 1733 ἅραρίοκω
837 1683 956 1721 habet
997 1682 1062 1729 (cf.
1092 1669 1210 1733 ὦρσα
1241 1703 1294 1708 -
1326 1674 1455 1731 ἄρσα,
1501 1673 1676 1732 ὥρορον
1706 1704 1758 1709 -

281 1743 464 1801 ἦραρον,
496 1742 643 1801 ὄρωρα
666 1771 718 1775 -
742 1741 909 1802 ἂρηρα),
950 1751 1116 1789 fortasse
1147 1751 1395 1789 intransitiva
1426 1749 1587 1799 perfecti
1621 1742 1759 1801 ἄρηρα

282 1820 388 1857 notio
420 1831 468 1857 ex
499 1820 685 1868 primaria
712 1819 749 1856 vi
782 1818 938 1857 residua
969 1830 1055 1857 esse
1086 1818 1153 1856 tibi
1184 1818 1393 1857 videbitur.
1449 1818 1537 1865 Qua
1568 1818 1615 1857 de
1645 1831 1759 1867 argu-

396 1932 422 1970 ¹)
458 1929 575 1964 Semel
606 1930 800 1964 transitiva
833 1928 988 1973 perfecti
1026 1929 1126 1963 notio
1159 1929 1257 1972 apud
1290 1929 1482 1963 Homerum
1515 1928 1648 1962 tradita
1679 1937 1760 1962 esse

281 1986 428 2021 videtur
454 1999 469 2020 (ι
498 1990 562 2021 248
596 1984 802 2030 γόμφοισιν
827 1982 953 2031 δ’ἰὶρα
990 1984 1053 2030 triv
1080 1998 1119 2030 γε
1155 1984 1217 2020 καὶ
1253 1981 1476 2030 ἁρμονίῃσιν
1510 1981 1659 2029 ἄρηρεν.
1709 1985 1761 2018 At

282 2044 350 2078 hoc
368 2044 447 2078 loco
472 2044 575 2078 libris
593 2044 728 2086 invitis,
754 2044 839 2087 quia
864 2044 983 2077 omnia
1002 2043 1138 2077 scholia
1156 2046 1301 2086 praeter
1319 2042 1457 2076 minora
1475 2045 1512 2076 et
1530 2040 1759 2076 Eustathium

282 2099 499 2143 scripturam
525 2095 748 2144 ἁρμονίῃσιν
774 2096 942 2144 ἄρασσεν
973 2099 1134 2133 dilucide
1160 2102 1355 2141 testantur,
1389 2108 1466 2132 eam
1497 2101 1538 2132 ut
1567 2097 1760 2141 genuinam

283 2166 364 2191 esse
389 2156 652 2191 restituendam
684 2156 894 2190 iamdudum
924 2156 1040 2190 critici
1066 2156 1335 2190 intellexerunt.
1383 2155 1513 2198 Itaque
1538 2164 1663 2188 omnes
1689 2153 1761 2188 edi-

283 2217 380 2247 tores
405 2213 628 2247 recentiores
660 2213 751 2247 hane
777 2213 968 2247 lectionem
1002 2213 1079 2247 iure
1105 2223 1146 2246 ac
1170 2212 1297 2246 merito
1323 2210 1518 2252 NitzsohiQ
1544 2209 1634 2245 erkl.
1651 2209 1762 2245 Anm.

283 2280 348 2303 zur
373 2269 438 2304 Od.
464 2269 509 2312 11,
533 2273 587 2313 36,
618 2269 817 2304 Hannover
847 2272 941 2310 1831,
978 2269 1131 2312 aliisque
1163 2267 1425 2311 praeeuntibus
1462 2267 1498 2300 in
1533 2269 1672 2301 textum
1710 2276 1761 2300 re-

283 2329 472 2369 ceperunt.
521 2326 690 2360 Ceterum
712 2326 905 2368 Briegerus
931 2326 966 2359 in
985 2325 1077 2360 Phil.
1096 2324 1230 2367 XXIX,
1251 2327 1311 2358 1⁹3
1327 2334 1407 2367 sqq.
1433 2323 1528 2356 haud
1545 2323 1671 2366 inepte
1695 2333 1761 2366 pro

284 2377 507 2427 ἁρμονίῃσιν
533 2378 700 2427 ἄρασσεν
726 2382 958 2417 scribendum
981 2392 1062 2417 esse
1089 2376 1269 2426 ἁρμονίης
1294 2377 1532 2424 σι’νάρασσει·
1560 2377 1762 2423 proposuit,

285 2448 378 2481 quae
404 2439 586 2482 scriptura
616 2450 649 2473 V.
672 2442 736 2473 616
762 2438 885 2482 Apoll.
911 2438 1027 2473 Rhod.
1053 2437 1195 2481 Argon.
1220 2437 1266 2480 11,
1299 2436 1358 2470 ubi
1389 2435 1523 2479 legitur
1551 2435 1651 2469 verbi
1677 2446 1761 2469 συν-

288 2491 471 2539 αράσσειι·
498 2495 623 2529 eadem
642 2495 862 2538 significatio
879 2494 1077 2539 colligandi
1095 2494 1152 2528 vel
1171 2492 1460 2537 conglutinandi‚
1488 2491 1676 2535 paululum
1702 2491 1762 2525 ad-

284 2551 441 2586 iuvatur.
490 2549 545 2585 At
569 2562 643 2585 non
669 2552 778 2586 credo
808 2562 874 2586 nos
900 2561 1008 2595 egere
1037 2561 1079 2585 ea
1108 2550 1266 2592 notione,
1299 2558 1391 2592 quae
1422 2548 1458 2582 in
1489 2547 1761 2591 praepositione

286 2609 354 2643 σύν
388 2609 494 2650 inest,
528 2618 601 2642 non
633 2608 748 2652 magis
784 2618 891 2652 quam
917 2608 952 2641 in
985 2607 1097 2641 verbo
1130 2602 1326 2651 ἀραρίσκω
1353 2607 1461 2639 >1110
1494 2603 1558 2639 καὶ
1590 2601 1636 2638 τὰ
1668 2605 1760 2649 (scil.

285 2663 398 2711 κέρα)
421 2664 492 2708 μὲν
511 2662 680 2709 ἀσκήσας
697 2662 909 2709 κέραοξόσς
934 2660 1051 2709 ἧραρ.ι
1074 2660 1227 2704 τέκτων,
1253 2662 1317 2696 ubi
1343 2657 1460 2707 ἤραρε
1486 2662 1553 2695 iam
1579 2661 1760 2695 notionem

287 2722 564 2767 conglutinandi
590 2721 627 2755 in
646 2731 683 2756 se
703 2721 877 2755 continet.
897 2741 937 2745 —
960 2720 1120 2755 Verbum
1141 2714 1322 2764 ἀράσσειν
1348 2723 1415 2761 est,
1439 2722 1481 2752 ut
1498 2718 1547 2752 ait
1563 2717 1760 2760 Ameisius‚

287 2789 353 2824 per
369 2779 600 2814 eminentiam
626 2777 827 2811 adhibitum
848 2777 1104 2819 significatque
1124 2776 1335 2819 „pulsaudm
1354 2774 1541 2809 tundendo
1558 2773 1759 2808 conficere*

288 2838 309 2872 i.
328 2846 357 2871 e.
385 2835 696 2878 „conglutina1·e“.

1824 2869 1830 3046 i
