1830 3201
283 186 359 222 104

281 294 536 345 Veitchius¹),
568 299 610 333 ut
641 308 688 333 ex
711 295 902 333 infinitivo
930 295 1064 333 aoristi
1086 284 1197 342 ἆσαι,
1229 308 1306 345 quo
1338 299 1478 345 quater
1509 298 1752 335 transitivam

281 363 469 401 contineri
502 362 699 401 notionem
729 362 835 408 vidit⁷
866 362 1151 400 intransitivam
1184 363 1298 401 eiciat
1324 363 1399 400 vim
1434 376 1478 401 ac
1509 367 1754 414 potestatem,

282 418 379 468 ἇναι
415 430 499 477 (inf.
527 443 607 469 aor.
634 429 686 477 II)
723 442 794 480 pro
834 420 932 467 ἆσαι
968 431 1014 468 iis
1051 431 1158 477 locis,
1196 431 1337 480 quibus
1375 417 1473 468 ἆσαι
1508 432 1755 471 intransitive

280 499 432 548 legitur,
463 499 650 549 proponit
680 497 927 536 scribendum
952 510 1046 536 esse.
1105 498 1157 535 At
1188 498 1261 536 hoc
1282 498 1525 548 propositum
1547 500 1755 538 incertissi-

282 578 383 603 mum
421 569 490 604 est.
554 566 705 604 Etenim
744 565 955 615 scrupulus
993 565 1084 602 mihi
1120 578 1164 604 eo
1201 565 1373 615 inicitur,
1414 566 1518 615 quod
1558 567 1755 605 Veitchius

282 632 444 670 formam
478 623 577 669 ἆναι
608 644 801 681 nusquam
824 632 912 669 alibi
935 631 1128 681 traditam,
1159 644 1275 681 quam
1307 633 1390 681 ipse
1422 632 1584 683 effinxit,
1614 634 1652 671 in
1679 634 1755 672 Ho-

283 713 431 738 merum
460 700 601 738 indidit
632 712 702 750 pro
726 689 838 746 ἆσαι,
870 711 984 749 quam
1007 699 1168 738 formam
1201 700 1238 737 vi
1262 700 1510 738 intransitiva
1540 700 1755 750 praeditam

283 772 469 818 quattuor
499 769 595 807 locis
626 767 663 806 A
691 770 771 806 574
792 784 845 796 =
871 766 904 805 O
933 770 1029 816 317;
1065 766 1103 804 Φ
1126 770 1221 817 1683
1258 765 1298 804 Ψ
1318 771 1394 807 157
1434 781 1566 807 omnes
1604 769 1758 808 codices

282 839 455 875 tuentur.
524 837 734 874 Praeterea
774 836 875 872 inter
912 835 1089 873 homines
1126 835 1261 873 doctos
1306 848 1354 873 ne
1396 838 1550 874 constat
1589 835 1759 886 quidem,

284 907 371 942 utra
392 903 626 953 significatio
658 903 862 940 transitiva
893 915 942 941 an
974 903 1222 940 intransitiva
1249 903 1441 941 vetustior
1463 904 1512 941 sit
1533 903 1758 954 iudicanda3

282 983 407 1021 paene
430 970 563 1009 Fickio
586 973 623 1009 et
645 970 868 1014 Kuehnio2)
899 971 1102 1019 assentior,
1134 971 1199 1019 qui
1229 970 1513 1009 intransitivam
1537 972 1611 1009 vim
1645 972 1760 1010 huius

283 1039 392 1078 verbi
423 1039 677 1089 principalem
700 1038 817 1076 fuisse
846 1041 1060 1076 autumant.
1120 1039 1321 1076 Postremo
1350 1050 1396 1076 ex
1420 1039 1597 1077 omnibus
1619 1039 1758 1085 verbis,

284 1119 386 1156 quae
417 1106 546 1144 adhuc
578 1107 615 1144 in
648 1106 720 1144 hoc
752 1107 877 1155 capite
909 1105 1082 1144 secundo
1119 1106 1357 1155 enumeravi,
1393 1107 1521 1144 elucet
1556 1107 1659 1144 illam
1692 1106 1760 1144 du-

284 1175 423 1223 plicem
462 1174 657 1212 notionem
705 1173 819 1223 plane
860 1186 937 1212 non
977 1185 1062 1211 esse
1103 1172 1329 1211 inauditam.
1394 1173 1645 1223 Quapropter
1681 1186 1759 1212 non

284 1242 417 1291 video,
462 1253 530 1279 cur
575 1241 614 1279 in
661 1240 784 1280 forma
829 1227 929 1278 ἆσαι
974 1241 1143 1280 omnium
1191 1240 1366 1279 codicum
1412 1239 1486 1278 fide
1534 1240 1761 1279 confirmata

286 1308 539 1348 offendamus.

983 1551 1071 1602 §5

573 1641 840 1693 Sequuntur
870 1640 919 1681 in
952 1639 1206 1693 appendice
1237 1652 1292 1682 ea
1323 1641 1480 1693 verba,

286 1724 404 1764 quae
443 1710 697 1753 secundum
728 1709 937 1751 virorum
972 1708 1215 1751 doctorum
1249 1708 1496 1762 opiniones
1529 1708 1762 1762 duplicem

286 1792 438 1833 usum,
476 1778 558 1821 sed
595 1789 699 1820 meo
733 1777 919 1828 quidem
951 1776 1124 1819 iudicio
1163 1777 1314 1819 solam
1347 1777 1546 1819 alteram
1578 1776 1671 1818 vim
1711 1789 1763 1819 ac

288 1846 589 1901 potestatem,
622 1846 704 1888 aut
732 1845 1032 1887 transitivam
1064 1844 1145 1886 aut
1172 1843 1542 1898 intransitivam,
1574 1844 1762 1887 habent.

831 1938 869 1979 Α.
913 1938 966 1979 De
992 1937 1051 1978 eis
1078 1936 1220 1987 verbis,

457 2016 560 2059 quae
589 2016 678 2048 mea
705 2005 906 2048 sententia
933 2005 1084 2047 'tantum
1111 2005 1319 2047 transitive
1346 2003 1596 2058 usurpantur.

891 2095 929 2138 1.
974 2093 1165 2148 {paidom

403 2181 462 2218 Dc
493 2180 618 2230 prima
656 2181 772 2218 huius
810 2179 917 2217 verbi
957 2179 1115 2217 notione
1153 2178 1247 2216 nihil
1284 2178 1378 2216 certi
1415 2177 1583 2227 proferri
1621 2179 1763 2227 potest;

289 2249 429 2286 etenim
451 2249 574 2286 verba
604 2248 696 2286 huic
715 2247 857 2295 affinia,
890 2259 1055 2297 quornm
1079 2258 1098 2284 e
1120 2245 1414 2294 significatione,
1445 2257 1545 2294 quae
1576 2244 1625 2283 sit
1654 2245 1764 2283 verbi

290 2318 601 2368 lndogermanici
633 2319 690 2356 vis
721 2317 962 2367 principalis,
997 2317 1118 2365 possit
1149 2315 1343 2364 cognosci,
1380 2315 1418 2352 in
1450 2314 1589 2352 ceteris
1619 2313 1765 2363 linguis

290 2386 625 2435 Indogermanicis
665 2398 742 2424 non
774 2384 936 2434 reperiri
968 2384 1164 2422 videntur.
1223 2383 1281 2420 Ac
1318 2394 1366 2419 ne
1402 2381 1441 2419 id
1478 2381 1635 2430 quidem
1672 2380 1766 2418 satis

292 2457 457 2503 constat,
487 2465 585 2503 quae
618 2454 667 2491 sit
698 2452 932 2501 etymologia
963 2452 1066 2489 illius
1089 2450 1208 2488 verbi.
1268 2450 1318 2488 Ut
1347 2460 1442 2486 vero
1474 2450 1765 2498 praetereamus

291 2519 557 2567 Buttmanniss)
589 2521 862 2569 suspicionem,
901 2520 968 2569 qui
998 2519 1036 2556 in
1067 2518 1188 2556 verbo
1221 2512 1374 2566 ἐρείδει)
1410 2515 1571 2554 eandem
1604 2515 1764 2564 stirpem

293 2592 411 2638 atque
442 2589 479 2626 in
508 2588 753 2626 substantivo
785 2587 961 2625 neutrius
982 2586 1139 2636 generis
1171 2577 1277 2635 ἕρμα
1309 2588 1347 2622 et
1377 2583 1608 2622 Germanico
1630 2587 1765 2620 nostro

408 2699 434 2738 ¹)
467 2694 588 2730 Greek
613 2694 724 2729 verbs
750 2704 776 2728 s.
804 2689 870 2734 ἂω,
901 2705 934 2737 p.
959 2696 1030 2727 107.

406 2754 434 2795 2)
466 2752 521 2786 De
546 2750 670 2785 aoristi
695 2749 833 2794 passivi
858 2748 982 2784 formis
1007 2752 1115 2792 atque
1141 2757 1209 2782 usu
1231 2746 1433 2789 Homerico,
1458 2757 1491 2793 p.
1511 2748 1563 2780 25.

406 2810 434 2850 ³)
464 2807 579 2843 Lexil.
603 2806 630 2850 I,
651 2809 708 2840 111
722 2815 800 2859 sqq.
