1815 3231
1423 191 1502 225 :379

23 298 118 334 esse,
150 298 234 324 cum
268 288 480 337 simplicius
508 294 620 340 essct,
652 295 693 330 ut
725 293 853 342 legati,
885 296 948 343 qui
983 300 1076 333 tunc
1108 296 1206 334 forte
1240 298 1405 336 Athonis
1437 300 1501 337 ad-

22 356 163 398 essent,
195 367 273 391 rem
308 357 561 403 nuntiassent,
602 362 642 397 ut
673 364 884 409 propterea
916 363 1200 401 Anthcrnocriti
1234 365 1373 413 legatio
1412 370 1501 404 ante

21 421 130 469 prius
167 421 366 460 decretum
407 425 588 473 ponenda
626 430 738 465 esset.
807 429 903 466 Nam
944 421 1097 468 diversa
1135 431 1214 469 ficri
1254 438 1418 481 possunt
1455 435 1501 473 dc

21 487 95 526 hac
119 501 159 526 re
182 490 334 537 iudicia,
367 494 593 540 pracsertim
624 507 708 532 cun]
740 496 908 543 legatum
935 499 1095 545 Megara
1123 512 1278 548 quoquc
1309 501 1499 549 proficisci

21 556 167 594 iussum
202 570 286 595 csse
318 571 339 596 a
372 560 583 599 Plutarcho
617 564 805 601 certiores
837 564 984 602 fiamus.
1046 566 1085 603 ld
1120 579 1277 617 quoquc
1312 569 1404 606 nihil
1436 582 1499 607 va-

21 623 73 661 lct
112 625 219 674 quod
251 626 344 663 dicit
386 628 519 666 mirum
560 642 644 667 csse.
686 631 790 679 quod
829 645 904 669 non
947 646 1021 670 una
1059 646 1143 672 curn
1182 636 1305 684 primo
1342 637 1500 675 dccrcto

22 704 140 730 causa
172 692 326 743 (nempe
357 707 453 744 ager
485 708 596 734 sacer
627 697 772 744 cultus)
803 701 957 748 prolata
989 705 1101 747 essct,
1139 703 1205 740 scd
1240 704 1335 741 haec
1367 709 1499 754 postca

21 759 175 798 demum
207 761 358 800 addita:
389 763 494 812 quod
528 777 666 803 revera
698 767 750 803 ita
781 768 957 806 evenisse
989 782 1011 805 a
1041 769 1274 819 Thucydide
1307 772 1500 811 discimus.

21 827 224 866 Plutarchi
257 829 426 879 denique
460 832 567 869 locus
601 834 737 871 Moral.
766 837 857 879 812,
895 848 1008 884 quem
1042 840 1132 875 ante
1163 839 1372 888 attulimus,
1409 841 1500 878 nihil

20 898 150 945 potest
170 897 338 946 probare
370 898 434 945 (cf.
458 900 742 951 Ilolzapfelius,
771 915 807 951 p.
829 902 922 949 183)
955 916 1040 942 cum
1065 904 1138 942 hoc
1159 906 1242 944 loco
1266 907 1500 945 Plutarchus

19 965 175 1002 omnino
218 978 296 1004 non
341 968 456 1005 anxie
496 967 712 1017 distinguat
750 971 849 1008 inter
894 971 970 1009 duo
1009 972 1167 1011 decreta
1207 975 1274 1012 sed
1313 977 1348 1013 in
1387 989 1497 1014 suum

20 1043 130 1070 usum
163 1036 367 1072 convertat
398 1035 554 1074 Charini
588 1049 741 1074 nomen.
801 1038 911 1085 Quae
942 1052 1027 1077 cum
1062 1041 1115 1079 ita
1146 1054 1186 1079 sc
1218 1043 1398 1094 habeant,
1435 1044 1500 1082 ad-

20 1099 109 1137 ditis
142 1101 187 1138 iis
217 1113 318 1150 quae
351 1102 545 1140 Krcchius
578 1104 649 1141 iam
683 1107 875 1155 exposuit,
913 1108 1006 1144 satis
1038 1112 1131 1156 puto
1170 1109 1379 1148 refutatum
1413 1124 1499 1149 ess(¹

19 1167 212 1206 hominem
246 1169 414 1218 doctum,
454 1174 495 1208 ut
526 1172 598 1208 iam
632 1173 706 1210 tria
738 1174 950 1212 habeamus
982 1175 1138 1214 decreta
1171 1177 1219 1214 ad
1252 1179 1499 1227 Megarenses

19 1237 268 1284 pertinentia,
306 1250 471 1286 quorum
511 1239 684 1289 duobus,
728 1244 768 1278 ut
805 1242 848 1279 iis
887 1243 1017 1280 Attica
1055 1245 1383 1284 intercluderetur
1423 1248 1499 1285 dic-

21 1305 100 1341 tum
125 1307 193 1349 est⁷
216 1317 330 1353 quae,
352 1317 437 1343 cun]
461 1306 499 1343 in
524 1307 681 1345 scholiis
704 1308 1004 1358 Aristophaneis
1027 1324 1101 1349 non
1127 1312 1294 1350 dilucide
1317 1318 1498 1363 separata

20 1371 115 1420 sint,
155 1383 240 1410 esse
283 1373 383 1410 inter
419 1385 461 1411 se
503 1374 662 1412 diversa
709 1378 890 1425 cognosci
930 1381 1067 1427 potest.
1138 1380 1214 1417 Iam
1258 1381 1361 1418 unde
1402 1382 1498 1419 hacc

20 1438 162 1476 hausta
192 1440 270 1477 sint
301 1441 514 1488 quaeritur.
576 1442 634 1478 De
656 1443 786 1491 priore
817 1443 891 1481 iarn
925 1444 1021 1495 dixi3
1053 1449 1174 1484 restat
1205 1448 1367 1485 alterum
1402 1449 1498 1487 Cha-

18 1506 90 1543 rini
124 1503 259 1554 (schol.
282 1508 370 1545 Pac.
393 1510 485 1547 246.
513 1507 621 1554 609).
682 1510 800 1548 Cuius
822 1510 947 1550 forma
978 1513 1107 1562 aliqua
1139 1526 1158 1551 e
1192 1519 1302 1561 parte
1334 1528 1353 1553 e
1388 1517 1495 1554 scho-

19 1575 81 1612 liis
122 1578 160 1613 et
200 1575 412 1613 Plutarcho
459 1580 587 1625 potest
628 1579 778 1616 restitui
826 1580 882 1617 sic
923 1579 1022 1618 fere:
1076 1580 1268 1631 Χαρῖνος
1313 1578 1501 1633 ἔγραψεν

18 1634 248 1680 ἄσπονδον
271 1635 380 1680 εἶναι
401 1640 470 1680 καὶ
497 1634 751 1695 ἀκήρυκτον
774 1639 939 1696 ἔχθραν
972 1641 1188 1697 (πόλεμον
1220 1651 1391 1689 Cobetus
1424 1653 1445 1689 l.
1467 1665 1499 1689 a.

21 1713 112 1749 112.
142 1710 236 1756 118)
273 1707 347 1747 καὶ
382 1705 486 1762 μήτε
524 1710 600 1762 γῆς
635 1706 740 1764 μήτι-
780 1709 969 1762 λιμὲνων
1000 1712 1224 1765 Μεγαρέας
1260 1711 1500 1764 ἐπιβαίνειν

18 1766 214 1814 ἄττικῶν
246 1777 377 1827 (quam
410 1780 620 1827 genuinam
644 1792 729 1818 essc
752 1780 912 1818 formam
946 1783 1124 1831 sequitur
1146 1797 1165 1820 e
1188 1785 1357 1834 scholiis,
1389 1787 1501 1834 Plut.‚

19 1844 133 1882 Gellii
164 1846 211 1883 N.
233 1846 278 1883 A.
300 1845 384 1894 VII,
409 1845 540 1892 103³),
573 1847 636 1884 ubi
669 1841 910 1894 ἐπιβαίνειν
944 1849 1138 1888 redditum
1163 1855 1221 1889 est
1256 1853 1415 1901 „Pedem
1446 1855 1498 1891 in-

21 1909 168 1960 ferre“)
226 1905 303 1949 ὲὰν
354 1909 402 1950 δέ
454 1925 520 1960 τις
572 1912 723 1964 iamim]
775 1912 872 1963 (sive
924 1905 1059 1966 ιῖλῷἵὶ)
1112 1910 1286 1964 ἐπιβάς,
1345 1910 1499 1970 [Ξγώγι-

18 1977 157 2029 {tog-¹⁰)
204 1974 315 2017 ἔστω
366 1981 448 2018 sive
495 1970 722 2031 ἀγώγιμον
766 1975 897 2028 εἶναι,
951 1983 1090 2021 deinde
1142 1998 1188 2023 ea
1245 1999 1346 2035 quac
1392 1988 1500 2026 addit

18 2047 270 2085 Plutarchus.
328 2048 408 2085 Iam
446 2047 551 2086 unde
582 2049 711 2087 hausit
742 2050 934 2099 Didymus
966 2051 1196 2091 decretum?
1245 2054 1501 2104 Thucydides

137 2167 166 2206 8)
200 2165 269 2200 Ubi
295 2166 430 2210 legitur
457 2167 628 2210 „decreto
650 2178 716 2202 suo
734 2165 986 2204 Athenienses
1004 2175 1179 2205 caverant
1203 2175 1244 2205 ut
1265 2173 1327 2216 qui
1344 2173 1500 2217 Megaris

19 2219 113 2255 civis
131 2224 240 2265 esset,
266 2221 297 2255 si
315 2222 486 2256 intulisse
504 2221 672 2257 Athenas
698 2223 828 2267 pedem
850 2234 1008 2268 prensus
1034 2230 1144 2269 esset,
1170 2231 1210 2260 ut
1234 2237 1276 2261 ea
1301 2237 1357 2262 res
1383 2229 1415 2262 ei
1440 2228 1500 2262 ho-

19 2277 106 2311 mini
131 2278 301 2322 capitalis
327 2280 458 2313 esset.“

131 2347 160 2390 ⁹)
192 2346 294 2381 Hanc
320 2357 402 2381 esse
432 2347 592 2382 forman]
612 2348 747 2382 decreti
773 2348 950 2392 probatur
967 2349 1075 2384 Gellii
1093 2350 1156 2384 illo
1175 2361 1352 2395 „prensus
1370 2358 1500 2397 esset“,

19 2401 65 2436 cf.
91 2402 132 2437 O.
148 2402 175 2436 I.
193 2399 242 2437 A.
261 2401 289 2446 I,
307 2405 344 2437 9:
372 2399 438 2438 ἐὰν
463 2399 501 2438 δέ·
528 2415 582 2445 τις
608 2398 687 2450 ἁλῷ
712 2402 910 2449 προδιδοὺς
942 2409 1018 2447 τοῖς
1044 2400 1239 2451 τνριέννοις
1264 2437 1269 2442 .
1299 2436 1306 2442 .
1332 2434 1339 2442 .
1365 2407 1500 2444 τεθνά-

20 2469 88 2499 τω,
113 2457 195 2493 alia.

138 2513 184 2556 ¹⁰)
214 2513 283 2547 Est
307 2509 394 2548 haec
421 2524 492 2548 vox
518 2515 665 2558 propria
690 2515 867 2549 sermonis
892 2515 1085 2558 iudicialis,
1117 2517 1161 2551 de
1188 2527 1229 2551 eo
1254 2518 1362 2561 dicta,
1394 2529 1500 2563 quem

19 2568 77 2602 ius
103 2568 232 2612 fasque
258 2573 326 2612 est,
360 2569 581 2614 ubicumque
607 2570 911 2614 deprehendatur,
941 2571 986 2605 ab
1012 2582 1234 2617 unoquoque
1259 2580 1321 2608 aut
1346 2584 1366 2608 a
1391 2576 1500 2609 certis

19 2624 249 2667 quibusdam,
277 2625 339 2668 qui
365 2625 512 2660 decreto
538 2626 758 2669 indicantur,
784 2632 846 2660 aut
870 2628 989 2661 occidi
1015 2633 1079 2661 aut
1104 2629 1339 2664 occidendum
1365 2631 1410 2665 ad
1432 2642 1501 2665 ma-

19 2680 213 2722 gistratum
241 2680 391 2725 adduci3
416 2680 462 2716 cf.
490 2682 808 2726 Dittenbergerus‚
833 2683 982 2728 Sylloge
1001 2683 1045 2722 II,
1064 2687 1140 2728 462,
1165 2686 1200 2719 in
1220 2685 1328 2720 titulo
1345 2687 1499 2730 quodam

19 2734 187 2780 delphico
204 2745 299 2770 anno
320 2739 419 2781 169χὸ
439 2746 468 2772 a.
489 2737 570 2772 Chr.
589 2749 621 2771 n.
648 2739 849 2773 recentiore
867 2749 900 2774 v.
924 2742 960 2773 12
986 2735 1255 2784 κατενεγκάτω
1274 2740 1311 2777 δὲ
1331 2739 1397 2775 τὸν
1415 2739 1500 2787 ἔρα-

18 2802 84 2825 νον
112 2792 249 2832 Σιῖσος
274 2794 353 2826 κτλ.
391 2789 426 2826 εἰ
449 2791 487 2828 δὲ
513 2790 562 2837 μὴ
588 2790 830 2838 κατενέγκαι,
861 2789 1056 2838 ἀγώγιμος
1080 2791 1179 2829 ’ὲστω
1208 2797 1342 2838 Σώσος
1368 2798 1501 2832 Καλλι-

117 2860 209 2891 Diss.
226 2860 307 2893 Hal.
324 2861 389 2892 XI.
1261 2867 1300 2898 25
