1815 3231
1421 158 1499 193 385

22 274 125 311 tione
155 285 269 321 quem
293 272 391 309 falso
416 270 954 319 Muellerum-Struebingium
983 272 1078 319 puto
1107 275 1334 318 corruptum
1357 268 1501 306 habero

22 337 132 380 (61.1.
153 353 197 388 a.,
229 339 515 389 Aristophanes
547 343 618 377 etc.
650 351 686 388 p.
709 336 804 383 685)
837 337 883 375 cf.
915 337 1095 376 Kockius
1126 336 1174 375 ad
1208 337 1243 374 h.
1265 349 1299 374 v.

617 644 741 695 Cap.
768 643 911 686 VIII.

134 745 444 793 Aristoteles,
475 745 540 793 qui
573 744 730 793 saepius
764 743 968 781 consultus
1000 745 1058 780 est
1089 742 1136 780 dc
1167 741 1355 779 institutis
1383 741 1500 779 Athe-

21 809 267 857 niensium¹),
299 812 336 848 in
370 812 415 849 iis
447 812 615 860 scholiis,
647 823 748 860 quae
780 810 828 848 ad
852 822 922 847 nos
955 810 1164 859 pertinent,
1198 810 1323 846 rarius
1354 808 1501 846 adhibi-

20 883 83 917 tus
115 883 184 917 est.
244 878 330 926 Quo
362 879 434 915 iam
459 878 721 917 Callistratum
744 890 854 915 usum
879 889 962 915 esse
992 877 1104 914 docet
1126 877 1249 914 scliol.
1273 877 1386 925 Vesp.
1414 879 1501 922 157,

20 947 85 984 ubi
118 945 166 984 de
198 946 440 984 Dracontide
481 946 623 1017 legitutr
654 946 726 983 sic:
768 938 964 995 πονηρὸς
1001 932 1132 988 οὗτος
1169 939 1241 980 καὶ
1278 939 1502 987 πλείσταις

20 1008 315 1058 καταδίκαις’
299 1024 554 1063 ενεχομενος
577 1026 636 1058 (υς
660 1005 849 1049 Πλάτων
872 1011 1127 1060 Σοφισταῖς.
1174 1007 1503 1084 Καλλίστρεξτος

21 1077 66 1119 ὁὲ
98 1074 173 1118 ἕνα
203 1078 294 1117 τῶν
325 1073 361 1117 λ
385 1077 531 1131 φησίν,
564 1076 599 1117 εἰ
629 1092 685 1130 μη
719 1069 963 1130 ὁμιὶιυμος
1016 1072 1102 1116 ἐστι
1135 1072 1214 1128 γὰρ
1242 1074 1372 1123 οὗτος
1400 1090 1422 1114 o
1450 1090 1502 1114 το

21 1145 120 1200 περὶ
152 1145 244 1185 τῶν
275 1139 310 1185 λ
343 1156 543 1198 ψηφισμκ
574 1144 671 1197 περὶ
707 1139 955 1197 ὀλιγαρχίας
986 1140 1158 1197 γράψας
1189 1159 1249 1191 ως
1275 1135 1503 1195 Αριστοτέ-

22 1214 100 1268 λης
131 1210 178 1253 ἐν
209 1213 471 1262 Πολιτείαις,
504 1229 604 1266 quae
635 1219 833 1265 postrema
864 1215 999 1266 verba,
1036 1227 1121 1253 cum
1156 1219 1193 1252 ct
1225 1214 1389 1252 eandem
1421 1226 1504 1252 sen-

21 1285 181 1323 tentiam
215 1284 416 1334 proferant
452 1288 571 1333 atque
605 1283 879 1322 antecedentia
918 1296 1045 1333 neque
1084 1296 1168 1320 cum
1202 1283 1246 1320 iis
1284 1283 1381 1320 bene
1414 1295 1503 1320 con-

21 1353 155 1391 iuncta
186 1353 263 1390 sint
294 1351 356 1399 (cf.
380 1365 414 1390 v.
436 1345 547 1402 γάρ),
579 1352 757 1401 equidem
782 1354 876 1401 puto
899 1352 1019 1401 ipsius
1043 1350 1255 1389 Callistrati
1278 1351 1397 1388 verba
1419 1363 1504 1388 esse

21 1433 43 1458 a
82 1419 247 1468 Didymo
285 1420 557 1469 transscripta,
599 1433 619 1458 e
659 1419 815 1468 Didymi
859 1419 1138 1457 commentario
1181 1418 1237 1455 bis
1277 1419 1338 1455 hic
1375 1418 1503 1455 allata.

22 1487 80 1524 De
112 1485 246 1524 eodem
279 1485 327 1523 cf.
359 1486 455 1523 Xen.
482 1486 584 1524 Hell.
613 1487 660 1533 ΙΙ,
689 1488 725 1535 3,
748 1488 788 1531 23
826 1498 911 1524 cum
945 1485 1156 1523 Aristotele
1189 1484 1382 1522 consentit
1413 1484 1504 1533 Lys.

21 1555 105 1603 XII,
135 1556 196 1592 73.
258 1553 438 1592 Ceterum
478 1554 582 1603 quod
622 1554 947 1592 Breitenbachius
987 1553 1083 1591 Xen.
1111 1552 1230 1590 Hell.2
1262 1552 1311 1589 ad
1343 1552 1388 1597 II,
1418 1556 1452 1597 3,
1480 1555 1502 1590 2

21 1621 114 1659 dicit
150 1633 236 1659 eum
275 1621 490 1659 secundum
530 1622 650 1660 schol.
674 1621 789 1671 Vesp.
813 1624 889 1660 157
929 1634 1046 1670 saepe
1085 1622 1262 1670 punitum
1295 1632 1394 1669 esse,
1430 1620 1505 1658 hoc

21 1702 42 1727 e
73 1689 155 1727 sola
187 1689 362 1726 Platonis
394 1689 532 1727 comici
563 1688 696 1727 fabula
728 1689 829 1727 bona
852 1702 938 1727 cum
961 1689 1038 1727 fide
1071 1701 1092 1725 a
1119 1688 1289 1737 Didymo
1323 1688 1502 1725 haustum

21 1757 156 1806 quanti
189 1757 238 1794 sit
268 1756 462 1802 momenti,
496 1757 579 1806 ipse
612 1755 764 1794 viderit.

134 1823 195 1861 Ad
223 1823 389 1862 eundem
419 1823 667 1862 referendum
693 1827 751 1861 est
781 1824 904 1861 schol.
926 1823 1017 1872 Lys.
1041 1826 1120 1862 665
1144 1826 1181 1861 et
1204 1825 1282 1862 666
1315 1822 1380 1868 (cf.
1402 1822 1505 1861 Suid.

23 1903 50 1929 s.
74 1904 106 1928 v.
129 1883 417 1939 Λυκόποὸες),
459 1890 655 1940 Didymea
697 1894 738 1928 ut
774 1890 942 1928 vidimus
981 1890 1279 1939 1123213111
1318 1890 1502 1928 scholium

20 1959 189 1996 alterum
221 1957 380 1996 exhibet
412 1958 524 1995 haec:
556 1947 847 2007 Λειψύδριον·
879 1953 1044 2007 χωρίον
1075 1955 1152 2006 τῆς
1185 1947 1375 2007 Ἀττικῆς
1405 1953 1505 2006 περὶ

21 2015 102 2075 τὴν
135 2015 381 2075 Πάρνηθον
413 2023 535 2070 (Suid.
571 2012 679 2073 ὑπὲρ
712 2017 967 2074 Πάρνηθος)
1000 2013 1103 2067 eigo*
1135 2016 1364 2074 συνῆλθόν
1392 2035 1506 2068 τινες

21 2093 214 2140 (additum
247 2104 266 2130 e
297 2092 405 2131 Suid.
437 2096 475 2129 et
507 2091 592 2129 cod.
622 2089 669 2136 L)
703 2085 749 2127 ἐκ
780 2089 862 2128 τοῦ
894 2082 1056 2137 ἄστεος,
1090 2081 1150 2133 ὥς
1171 2098 1302 2141 φησιν
1323 2081 1507 2140 Ἄριστο-

20 2156 146 2211 τέλης
177 2154 224 2196 ἐν
249 2151 494 2210 Ἀθηναίων
516 2154 717 2210 πολιτείᾳ
747 2154 811 2208 (ct.
843 2159 996 2207 Rosius,
1027 2158 1099 2207 frg.
1121 2156 1228 2206 394).
1290 2160 1346 2196 De
1369 2158 1506 2208 Lipsy-

22 2227 108 2266 drio
141 2227 189 2265 cf.
220 2227 367 2265 Herod.
397 2228 442 2276 V,
471 2229 533 2272 62,
563 2229 600 2275 4,
640 2238 754 2275 quem
793 2225 830 2262 in
863 2226 936 2262 hac
966 2237 1007 2263 re
1045 2228 1203 2262 secutus
1235 2225 1390 2263 videtur
1422 2237 1507 2263 esse

24 2295 292 2346 philosophus.
351 2295 424 2333 Sed
471 2294 565 2343 quid
603 2294 674 2331 sibi
714 2293 797 2330 vult
835 2293 927 2330 illud
966 2288 1013 2329 ἐκ
1044 2291 1124 2329 τοῦ
1158 2284 1311 2336 ἄστεος
1346 2293 1428 2330 sive
1466 2287 1507 2329 οἱ

23 2361 71 2403 ἐκ
102 2361 182 2400 τοῦ
217 2353 393 2407 ἄστεοςῬ
443 2362 746 2411 intelleguntur,
784 2366 826 2398 ut
863 2374 883 2398 e
921 2361 1069 2399 scholio
1107 2360 1352 2398 antecedenti
1390 2365 1508 2409 patet,

22 2431 346 2480 Alcmaeonidae,
388 2434 431 2468 ut
468 2429 647 2478 equidem
686 2431 834 2478 putem,
878 2427 954 2466 duo
992 2428 1088 2466 haec
1127 2427 1275 2465 scholia
1318 2428 1389 2465 sub
1429 2441 1507 2467 uno

137 2554 163 2593 ¹)
197 2548 250 2584 Cf.
278 2549 389 2584 schol.
407 2549 500 2591 Equ.
522 2551 616 2584 1150.
649 2547 744 2581 Nub.
764 2550 817 2589 37,
847 2546 958 2589 Vesp.
977 2549 1040 2580 578
1072 2545 1203 2588 (Vesp.
1221 2548 1296 2588 300,
1321 2546 1411 2580 Rau.
1434 2549 1506 2587 140,

22 2609 116 2643 Plut.
136 2608 226 2650 330),
254 2606 364 2649 Vesp.
383 2608 459 2648 691,
480 2607 576 2646 1292,
597 2606 692 2644 1436,
717 2603 788 2637 Av.
814 2606 907 2645 1354,
933 2602 1026 2636 Plut.
1047 2605 1110 2635 275
1135 2603 1197 2643 (ex
1223 2601 1506 2635 Atheniensium

22 2663 241 2708 republica),
266 2659 361 2696 Ach.
380 2663 455 2703 320,
481 2662 554 2694 Av.
578 2663 671 2701 1283,
703 2661 789 2704 Lys.
812 2662 873 2693 991
903 2660 962 2701 (ex
990 2658 1177 2702 republica
1202 2658 1504 2692 Lacedaemonio-

24 2722 128 2763 rum).
179 2719 347 2754 Ceterum
374 2718 481 2751 etiam
500 2718 535 2751 in
554 2717 663 2751 rebus
682 2715 864 2750 historicis
892 2711 1108 2754 ,πολιτικτᾌι
1136 2715 1173 2748 in
1191 2725 1295 2748 usum
1321 2724 1393 2747 non
1421 2719 1509 2748 sunt

24 2780 172 2819 vocam3
200 2774 245 2810 ef.
263 2775 430 2815 Roscius,
458 2774 613 2808 Aristot.
634 2773 694 2817 qui
713 2770 924 2806 ferebantur
943 2771 1113 2805 librorum
1132 2769 1259 2813 fragm.
1287 2770 1388 2814 Lips.
1412 2773 1505 2804 1836.
