1830 3201
275 183 331 218 86

276 291 547 340 praestabilius
578 290 637 339 sit,
669 291 737 329 sed
771 292 996 340 neutiquam
1028 294 1159 340 potest
1190 290 1348 329 dubium
1372 302 1467 339 esse,
1498 291 1592 340 quin
1612 284 1755 341 μάχην

282 351 442 408 Τρώων
483 355 520 405 (i.
552 370 584 396 e.
624 361 846 407 pugnantes
885 357 1095 404 Troianos)
1138 357 1330 396 obiectum
1373 358 1432 396 sit.
1498 358 1618 396 Poe'ta
1654 359 1754 396 enim

277 426 559 475 narrationem,
605 437 706 474 quae
747 429 807 463 est
847 425 894 463 de
936 428 1105 475 utroque
1137 425 1257 463 Aiace
1287 426 1481 464 Troianos
1511 425 1781 475 prohibente,-

277 496 487 543 antequam
518 493 749 543 perduxerit
776 493 825 531 ad
848 493 976 543 finem,
1007 494 1270 542 interrumpit,
1304 496 1343 531 ut
1363 493 1415 531 ibi
1436 492 1589 531 demum
1611 494 1755 542 magni-

276 560 385 599 ficam
428 561 625 599 intericiat
664 561 885 610 imaginem,
927 561 998 599 sub
1030 574 1110 610 qua
1140 561 1302 599 Aiacum
1334 560 1646 610 propulsantium
1679 561 1755 598 vim

277 628 484 667 describat.
551 630 595 667 In
642 642 677 666 v.
701 631 779 668 752
821 629 1027 679 abruptam
1070 628 1336 667 narrationem
1380 640 1482 667 novo
1530 628 1755 677 praedicato

278 696 408 735 denuo
453 697 598 746 excipit
637 699 717 734 tum
764 695 919 735 demum
965 697 1155 735 obiectum
1200 689 1339 746 μάχην
1389 688 1552 745 Τρώων
1596 695 1758 734 addens.

277 764 337 802 Illi
376 765 667 802 enuntiatorum
709 765 905 802 connexui
936 764 1067 802 vivum
1095 776 1312 802 sermonem
1345 763 1504 802 subesse
1536 764 1758 813 inspicienti

277 832 439 881 patebit.
510 833 546 869 Is
589 832 689 869 enim
731 835 856 881 poeta,
903 832 968 881 qui
1001 832 1175 870 carmina
1206 831 1344 870 litteris
1375 832 1591 881 consignat,
1636 831 1757 870 multo

277 899 404 937 minus
435 902 711 948 commovetur,
752 903 793 936 ut
824 899 898 937 hoc
930 898 1083 937 dicendi
1116 899 1230 938 modo
1264 901 1410 948 utatur,
1455 911 1569 948 quam
1603 899 1646 948 is,
1690 899 1757 949 qui

277 967 451 1005 carmina
483 967 667 1004 memoria
698 966 878 1016 concipit.

387 1046 445 1080 II.
497 1045 870 1083 intransitivum
914 1045 1086 1094 explicat
1131 1045 1294 1083 verbum
1340 1045 1527 1095 Seilerus,
1577 1044 1638 1083 cui
1683 1045 1756 1083 iam

278 1113 473 1151 Ameisius
503 1112 542 1150 in
574 1112 745 1151 editione
776 1113 906 1161 priore
939 1112 1142 1162 Odysseae
1173 1113 1407 1163 praeiverat,
1439 1123 1464 1148 τ
1485 1115 1537 1151 42
1569 1108 1666 1162 σίγα
1686 1108 1755 1149 καὶ

279 1174 391 1217 κατὰ
437 1173 518 1217 σὸν
563 1173 673 1217 νόον
718 1175 882 1230 ἴσχανε,
931 1171 1031 1231 μηδ’
1063 1175 1220 1230 ἐρέεινε
1267 1180 1591 1218 circumscribens
1637 1181 1758 1218 hisce:

283 1248 410 1293 „halte
442 1261 491 1285 an
524 1247 611 1285 dich
643 1248 682 1285 in
715 1247 866 1285 deinem
898 1247 1032 1286 Sinn“.
1088 1248 1140 1285 At
1170 1260 1247 1286 non
1280 1248 1375 1285 satis
1406 1247 1658 1297 perspicuum
1691 1250 1759 1294 est,

280 1316 373 1365 quid
415 1315 512 1353 illud
556 1308 668 1352 κατὰ
709 1308 818 1352 νόον
859 1315 928 1353 sibi
971 1316 1076 1353 velit.
1148 1316 1358 1354 Praeterea
1398 1315 1495 1353 haec
1536 1315 1653 1353 dictio
1685 1315 1759 1354 hoc

279 1396 356 1421 uno
396 1383 481 1421 loco
524 1386 688 1432 excepto
727 1382 833 1432 apud
871 1384 1085 1421 Homerum
1127 1395 1205 1421 non
1238 1383 1449 1421 invenitur.
1506 1383 1759 1433 Quapropter

278 1451 444 1489 fortasse
477 1451 600 1501 magis
633 1450 863 1499 comprobes
894 1450 1255 1499 interpretationem
1288 1462 1434 1500 eorum,
1465 1451 1531 1500 qui
1563 1443 1678 1487 κατά
1707 1450 1758 1489 ad

279 1518 442 1557 verbum
474 1517 624 1556 finitum
648 1512 792 1567 ἴσχανε
815 1518 1016 1556 attrahunt
1037 1520 1237 1556 vertentes
1264 1518 1382 1566 „quid
1404 1518 1564 1567 sentias,
1594 1517 1758 1556 retine“.

281 1586 405 1633 Quam
447 1586 808 1634 interpretationem
852 1586 883 1623 si
925 1586 1119 1634 sequeris,
1167 1585 1329 1623 verbum
1371 1585 1419 1623 ad
1456 1586 1557 1623 hanc
1587 1585 1759 1635 disputa-

279 1654 425 1692 tionem
458 1665 535 1692 non
567 1653 746 1702 pertinet.

860 1753 891 1790 b.
939 1747 1178 1804 ἰσχανάω.

393 1840 479 1877 Hoc
510 1839 673 1878 verbum
686 1839 713 1885 ¹)
746 1851 793 1877 ex
816 1831 979 1888 ἷσχάνω
1011 1838 1152 1877 suffixo
1182 1831 1267 1876 -άω
1295 1838 1507 1878 accedente
1537 1839 1668 1878 fictum
1691 1843 1761 1878 est.

392 1913 427 1947 Ι.
469 1913 752 1951 Transitive
773 1912 936 1950 verbum
959 1914 1108 1950 tantum
1131 1912 1177 1950 de
1200 1912 1378 1962 personis
1399 1912 1613 1951 retinendis
1634 1925 1760 1963 aeque

280 1983 398 2029 atque
430 1972 594 2028 ἰσχάνω
617 1982 833 2029 usurpatur
861 1978 901 2017 E
919 1982 988 2024 893
1024 1977 1057 2017 Ο
1080 1983 1176 2029 723;
1208 1990 1231 2016 ο
1254 1982 1334 2019 346
1359 1979 1567 2026 (obiectum
1590 1993 1610 2019 e
1632 1983 1760 2030 poste-

281 2049 451 2087 rioribus
483 2048 639 2092 elucet).
698 2047 749 2086 M
766 2051 816 2087 38
849 2044 1005 2099 νηυσὶν
1036 2042 1107 2086 ἔπι
1137 2046 1411 2099 γλαφυρῇσιν
1431 2043 1626 2099 ἐελμένοι
1646 2043 1760 2099 ἰσχα-

282 2109 473 2161 νόωντος
531 2115 659 2156 '1'234
702 2112 811 2168 μηδέ
849 2128 913 2161 τις
955 2108 1092 2167 ἄλλην
1119 2112 1123 2167 Ι
1151 2114 1271 2153 λαῶν
1313 2107 1531 2166 ὀτρυντὺν
1560 2113 1761 2167 ποτιδέγ-

281 2195 412 2235 μενος
444 2177 746 2234 ἰσχαναάσθω;
796 2197 820 2235 η
846 2188 920 2223 161
956 2178 1047 2221 οἵδε
1079 2179 1124 2221 δὲ
1155 2175 1233 2221 σὸν
1263 2182 1416 2234 μῦθον
1450 2181 1761 2235 ποτιδέγμενοι

283 2245 575 2302 ἰσχανόωνται
598 2253 794 2302 passivum
818 2256 972 2290 exstare
995 2252 1263 2301 lexicographi
1287 2251 1456 2290 Seilerus
1478 2256 1516 2291 et
1531 2253 1760 2303 Ebelingius

282 2332 488 2369 perperam
520 2319 820 2365 contenderunt,
852 2320 966 2358 immo
999 2312 1255 2369 ἶσχανάομαι
1280 2319 1448 2358 medium
1470 2320 1759 2360 intransitivum

283 2387 583 2425 existimandum
617 2390 686 2425 est.

397 2520 422 2557 1)
456 2516 634 2561 Exempla
658 2516 852 2551 verborum
884 2517 919 2550 in
945 2514 1079 2550 -αν-άω
1106 2517 1315 2551 exeuntium
1346 2515 1495 2560 collegit
1519 2516 1760 2561 G.Meye1·us‚

282 2585 335 2617 gr.
353 2573 432 2607 Gr.2
457 2573 476 2618 ξ
495 2576 570 2606 5οῖ.
619 2573 675 2606 Ex
694 2571 761 2606 hoc
778 2573 892 2607 verbo
918 2572 1179 2615 nonnullisque
1201 2571 1280 2606 aliis
1299 2572 1433 2614 verbis,
1459 2582 1551 2616 quae
1576 2583 1648 2607 non
1674 2578 1760 2608 sunt

284 2629 564 2671 denominativa,
589 2628 806 2663 concludere
831 2628 938 2663 nobis
964 2629 1049 2663 licet
1073 2628 1230 2663 Graecos
1255 2628 1391 2662 exitum
1417 2628 1542 2663 horum
1567 2629 1759 2664 verborum

284 2683 404 2720 -ανάω
432 2689 473 2719 ut
494 2684 666 2720 suffixum
693 2684 865 2719 sensisse.
913 2684 1057 2719 Etenim
1082 2684 1170 2718 haec
1188 2684 1301 2718 verba
1325 2694 1368 2718 ex
1386 2684 1552 2728 analogia
1568 2685 1758 2720 verborum

284 2753 369 2777 vere
396 2741 747 2777 denominativorum
774 2742 807 2775 in
828 2738 963 2775 ›av-(20)
982 2740 1248 2776 terminantium
1275 2740 1359 2775 fieta
1385 2751 1465 2775 esse
1482 2741 1663 2776 videntur.
1705 2741 1758 2777 Cf.

284 2797 482 2840 Psordten„
509 2808 541 2842 p.
563 2805 592 2831 s.

1823 1975 1830 2506 m—*ss-Q„
1829 1946 1830 1951 Α
