1830 3201
291 173 368 209 184

289 283 444 320 minime
466 280 656 319 eiusmodi
679 282 738 319 est
758 282 1046 330 argumentum,
1077 282 1120 318 ut
1140 279 1239 318 liber
1266 280 1334 317 illa
1356 280 1621 329 appellatione
1650 280 1767 329 signi-

289 350 397 388 ficari
418 349 603 399 potuerit.
661 348 815 386 Deinde
847 348 972 386 forma
994 347 1093 385 tituli
1115 347 1248 385 traditi
1281 347 1382 386 hanc
1405 348 1766 396 interpretationem

289 430 366 456 non
399 416 577 455 admittit.
636 416 675 455 si
709 417 807 455 enim
840 419 1019 454 tenemus
1055 418 1241 465 quattuor
1271 416 1369 454 locis
1400 416 1598 465 perhiberi
1631 415 1768 467 Ζηνο-

290 478 423 522 ὁότου
456 480 712 534 φιλεταίρου
744 496 797 523 sc.
825 480 997 531 βιβλίον
1028 484 1092 522 vel
1123 484 1257 534 simile,
1288 483 1446 522 dubium
1478 484 1571 522 mihi
1599 496 1677 522 non
1700 487 1769 530 est,

289 552 383 602 quin
416 553 453 590 in
487 552 622 590 codice
652 551 849 601 Leidensi,
886 563 1000 600 quem
1032 552 1265 590 auctoritate
1297 552 1451 601 ceteris,
1487 552 1558 589 etsi
1589 554 1646 590 est
1675 552 1772 590 anti-

289 621 509 669 quissimus,
539 622 743 669 praestare
776 632 888 658 nemo
921 618 1136 669 contendit,
1167 631 1238 668 pro
1261 612 1518 670 Ζηνοδότου
1542 615 1770 670 φίλετερος

289 688 574 726 restituendum
597 688 646 726 sit
668 680 926 739 Ζηνοδότου
949 683 1219 737 φιλεταίρου,
1251 688 1484 737 praesertim
1513 700 1599 726 cum
1622 687 1769 726 librarii
1826 731 1827 734 Ἴ

288 757 484 794 accuratio
516 759 584 794 aut
614 756 862 805 exemplariS,
892 755 997 793 unde
1025 756 1138 793 fluxit
1165 756 1303 794 titulus
1317 753 1358 804 ¹),
1388 755 1487 794 fides
1515 755 1619 794 haud
1641 756 1770 805 magni
1826 743 1830 775 f

289 823 534 862 aestimanda
565 836 650 862 esse
680 823 869 862 videatur.
930 823 1039 870 Quae
1071 835 1156 861 cum
1179 823 1233 860 ita
1254 823 1341 872 sint,
1371 822 1614 862 Zenodotum
1645 823 1772 861 Phile·
1826 838 1830 869 '.

289 895 440 930 taerum
474 891 783 940 intellegendum
816 903 900 929 esse
932 893 1026 940 puto
1038 889 1086 940 2);
1117 903 1204 928 nam
1236 891 1275 928 in
1305 891 1538 939 cognomine
1558 891 1770 929 Philetaeri
1828 914 1830 940 :

290 959 395 1009 quod
426 960 583 1009 saepius
614 959 788 997 occurrit
819 958 924 1008 apud
956 962 1124 1004 veteres,
1157 971 1227 997 cur
1259 957 1502 997 offendamus
1534 971 1612 997 non
1642 958 1772 997 video.
1828 948 1830 951 ⁸

289 1028 369 1065 Iam
398 1028 428 1065 si
451 1029 559 1065 recte
580 1027 787 1076 hucusque
810 1027 957 1064 versati
978 1038 1112 1065 sumus
1141 1026 1179 1064 in
1202 1026 1276 1064 hac
1297 1026 1528 1075 quaestione
1556 1026 1772 1076 tractanda,
1828 1046 1830 1075 3

291 1094 405 1133 facile
437 1107 586 1132 mecum
618 1094 756 1132 reicies
779 1094 1036 1139 coniecturas,
1069 1105 1165 1143 quas
1187 1094 1440 1143 protulerunt
1462 1092 1772 1132 Valckenaerius

292 1165 332 1200 et
362 1162 609 1200 Schmidtius.
671 1162 794 1200 Movit
825 1163 951 1199 autem
980 1160 1292 1199 Valckenaerius
1305 1159 1348 1211 3),
1378 1161 1450 1200 etsi
1481 1160 1577 1199 illud
1609 1156 1772 1209 φιλέτε-

290 1241 379 1279 ρος,
412 1229 517 1279 quod
550 1230 689 1278 legisse
722 1229 795 1267 sibi
826 1228 1044 1279 videbatur,
1074 1229 1112 1267 in
1145 1225 1400 1280 φιλεταίρου
1433 1228 1626 1267 demutari
1657 1240 1773 1278 posse

291 1298 494 1347 concessit,
532 1297 807 1346 suspicionem,
847 1297 1012 1335 fortasse
1044 1297 1083 1335 in
1114 1297 1180 1335 illa
1210 1309 1308 1336 voce
1344 1298 1470 1336 inesse
1501 1297 1676 1335 Philotae
1706 1309 1771 1335 no-

292 1378 379 1403 men
428 1368 466 1403 et
508 1364 806 1403 adscribendum
850 1376 935 1402 esse
979 1367 1187 1403 tractatum
1235 1364 1435 1403 Zenodoto
1480 1363 1662 1413 Ephesio,
1705 1364 1772 1413 qui

290 1433 406 1472 fuerit
437 1433 653 1482 discipulus
683 1433 874 1471 Philetae.
934 1430 1010 1470 Sed
1050 1445 1128 1471 non
1159 1433 1284 1471 solum
1323 1444 1444 1470 causa
1480 1444 1557 1470 non
1589 1434 1661 1481 est,
1702 1443 1772 1469 cur

291 1513 507 1550 cognomen
541 1497 812 1551 Φιλέταιρος,
844 1500 950 1549 quod
981 1500 1162 1539 facillime
1184 1500 1418 1550 restituitur,
1448 1500 1674 1548 abiciamus,
1703 1498 1772 1537 sed

291 1570 405 1607 etiam
438 1570 574 1607 mirum
607 1571 677 1617 est,
708 1569 736 1606 si
768 1567 993 1606 Zenodotus
1015 1568 1078 1606 ille
1100 1568 1352 1615 clarissimus,
1385 1568 1451 1617 qui
1482 1567 1677 1617 Ephesius
1707 1578 1772 1616 ap-

291 1637 430 1686 pellari
461 1636 573 1685 solet,
611 1636 684 1674 hoc
716 1636 801 1674 loco
839 1636 1073 1685 cognomine
1103 1633 1302 1686 ,,Φιλητᾶ
1334 1633 1569 1684 discipulus“
1605 1637 1774 1672 notetur.

291 1703 567 1748 Schmidtius4)
611 1715 681 1752 pro
712 1695 970 1753 Ζηνοδότού
1006 1699 1240 1752 Φιλέτερος
1281 1702 1531 1740 scribendum
1573 1713 1656 1739 esse
1697 1700 1773 1738 for«

291 1774 395 1809 tasse
427 1763 682 1822 quodo'wv
719 1764 830 1821 πρὸς
863 1765 1124 1820 Φιλέταιρον
1164 1770 1262 1808 dixit
1299 1769 1497 1808 coniciens
1533 1768 1772 1807 Zenodotum

292 1838 490 1877 Mallotam
532 1839 714 1888 Pergami
746 1840 967 1876 versantem
1000 1837 1118 1876 Attali
1150 1836 1263 1887 primi
1300 1836 1403 1886 regis
1438 1836 1515 1874 filio
1552 1835 1772 1874 Philetaero

290 1906 443 1956 librum,
475 1906 586 1944 cuius
618 1908 806 1956 excerpta
837 1905 981 1954 exigua
1011 1907 1178 1943 aetatem
1212 1904 1389 1954 tulerint,
1423 1903 1638 1943 dedicasse.
1695 1901 1772 1941 Sed

291 1976 334 2012 ut
365 1986 442 2012 non
475 1973 651 2012 dicamus
683 1973 732 2011 de
754 1976 972 2023 temporum
996 1973 1159 2019 ratione,
1192 1985 1294 2022 quae
1321 1971 1530 2010 intercedit
1561 1972 1660 2009 inter
1682 1970 1774 2009 Phi-

291 2042 481 2080 letaerum
514 2042 620 2080 illum
661 2044 698 2079 et
728 2041 967 2079 Zenodotum
1001 2041 1208 2086 Mallotam,
1248 2042 1520 2089 argumentum
1552 2038 1672 2077 libelli
1706 2051 1772 2088 pa-

291 2121 375 2146 rum
418 2109 549 2147 hercle
590 2109 691 2146 hanc
730 2109 952 2157 opinionem
996 2107 1254 2146 commendat.
1323 2107 1488 2145 Accedit
1528 2105 1634 2156 quod
1676 2106 1773 2144 haec

291 2189 450 2226 quoque
483 2177 644 2215 mutatio
676 2188 805 2225 neque
837 2175 962 2214 facilis
992 2188 1122 2225 neque
1152 2175 1374 2214 necessaria
1407 2186 1494 2213 esse
1525 2174 1692 2212 videtur.

404 2245 511 2283 Iusto
534 2245 655 2294 igitur
675 2244 760 2282 iure
781 2243 969 2282 Zenodoti
991 2243 1201 2282 Philetaeri
1225 2254 1365 2281 nomen
1388 2244 1582 2281 servatur.
1623 2240 1772 2290 Quodsi

291 2394 374 2428 ticis
399 2404 613 2439 proponere,
638 2398 679 2428 ut
704 2394 877 2438 dicerent,
909 2394 1052 2438 singula
1076 2393 1242 2428 animalia
1270 2393 1454 2437 quomodo
1479 2403 1606 2429 vocem
1632 2391 1772 2428 emitte-

294 2453 385 2495 rent,
410 2450 512 2485 velut
536 2451 621 2494 agni
647 2450 770 2485 balant
795 2454 898 2495 sqq.“

407 2507 434 2550 ¹)
468 2506 640 2541 Exaravit
673 2506 819 2541 titulum
855 2516 984 2541 manus
1018 2506 1063 2541 ab
1095 2515 1148 2548 ea,
1181 2515 1273 2550 quae
1306 2506 1406 2550 ipsas
1430 2514 1541 2540 voees
1566 2504 1771 2540 animalium

292 2563 455 2607 scripsit,
480 2563 639 2598 diversa.

403 2621 432 2662 2)
464 2619 565 2654 Idem
583 2624 807 2654 censuerunt
831 2619 960 2654 Iriarte
986 2619 1008 2653 1.
1026 2629 1056 2654 c.
1081 2630 1116 2663 p.
1134 2622 1196 2654 307
1209 2631 1218 2662 ε,
1244 2619 1402 2654 Creuzer
1426 2619 1447 2654 l.
1465 2629 1494 2654 c.
1519 2629 1555 2663 p.
1571 2621 1628 2661 103
1655 2616 1771 2660 Sturz,

292 2675 425 2719 Opusc.
440 2675 542 2710 acad.
567 2686 601 2720 p.
623 2678 696 2710 135.

405 2733 433 2773 3)
464 2732 487 2766 1.
505 2742 535 2766 e.
560 2743 595 2775 p.
615 2734 690 2765 246.

405 2788 432 2830 ⁴)
463 2787 673 2828 Zeitschrift
688 2785 747 2821 fiir
763 2787 821 2821 die
840 2786 1172 2822 Alterthumswiss.
1193 2790 1288 2831 1855,
1315 2798 1349 2831 p.
1369 2790 1445 2822 253.
