1830 3201
277 186 359 224 260

276 294 441 345 ingressi
481 295 775 332 reverterentur
813 293 978 332 filiorum
1016 291 1106 330 τῶν
1145 285 1331 343 δούλων,
1369 294 1435 343 qui
1472 294 1646 333 virorum
1686 293 1752 333 ab·

275 363 442 402 sentium
474 374 615 400 uxores
651 362 820 410 amplexi
853 364 995 410 essent,
1032 361 1245 400 exercitum
1283 364 1422 400 contra
1453 373 1493 400 se
1531 362 1750 410 profectum

276 431 480 477 invenisse,
520 441 655 467 servos
692 432 821 467 autem
861 430 908 467 ab
950 429 994 466 iis
1035 429 1162 467 solere
1202 427 1406 478 caecari7),
1445 429 1495 468 ad
1532 430 1635 468 hanc
1670 442 1750 468 rem

276 498 493 536 ostendisse
531 509 617 534 eum
655 499 796 545 putant
833 496 1007 534 homines
1046 496 1148 534 docti
1187 496 1299 535 modo
1338 497 1537 535 nominati.
1596 497 1672 536 Sed
1703 509 1752 535 ne

275 566 348 603 hoc
380 565 533 614 quidem
565 564 705 614 placet,
736 576 822 601 eum
846 564 1002 601 omnino
1025 576 1103 601 non
1126 564 1394 613 intellegatur,
1424 564 1528 602 unde
1559 568 1752 602 terrarum

276 633 450 671 hauserit
488 633 557 670 hos
589 632 739 680 Molgos
770 634 929 670 vocatos
961 643 1047 669 esse
1085 634 1122 669 et
1158 643 1279 681 supra
1310 632 1507 681 Scythiam
1545 632 1752 670 habitasse.

279 702 358 738 Iam
390 700 512 737 dicam
550 699 643 748 quid
677 698 857 748 equidem
891 700 1068 748 sentiam,
1103 711 1339 748 quamquam
1371 711 1522 748 vereor,
1553 702 1596 737 ut
1626 700 1753 737 multis

277 767 546 816 persuadeam.
606 766 846 804 Mordaciter
877 767 977 804 enim
1009 767 1221 804 tenendum
1252 766 1445 804 Phainum
1476 779 1498 804 a
1521 767 1661 815 Molgis
1689 767 1752 804 de-

275 848 389 881 mum,
421 847 586 884 quorum
614 834 728 872 sedes
752 834 817 872 ubi
839 835 927 883 sint,
959 838 1064 872 certo
1097 835 1182 884 scit,
1213 835 1512 884 explicationem
1536 835 1754 884 derivasse3

273 904 347 940 iam
389 915 475 940 cum
517 903 748 950 unicuique,
792 904 859 950 qui
900 901 1092 940 Herodoti
1134 902 1404 951 Scythicarum
1443 903 1646 951 regionum
1689 901 1753 940 de-

274 971 523 1019 scriptionem
563 970 750 1018 perleget,
795 972 854 1006 tot
895 972 932 1006 et
972 972 1081 1006 tanta
1121 969 1308 1006 miracula
1354 973 1404 1018 et,
1445 973 1486 1006 ut
1527 970 1581 1007 ita
1617 969 1754 1019 dicam,

275 1042 450 1076 monstra
471 1037 706 1086 populorum
739 1039 959 1083 occurrant,
991 1049 1112 1074 causa
1138 1046 1215 1075 non
1240 1041 1310 1086 est,
1341 1050 1411 1075 cur
1440 1050 1518 1076 11011
1546 1037 1754 1075 credamus

276 1110 429 1143 veteres
451 1108 610 1154 putasse
643 1105 706 1142 hic
728 1105 906 1142 habitare
928 1105 1118 1154 populum
1142 1105 1361 1154 Molgorum
1386 1105 1540 1143 nomine
1563 1108 1753 1150 ornatum,

277 1186 389 1222 quem
427 1176 565 1210 auctor
597 1173 737 1221 aliquis
774 1175 842 1210 aut
873 1173 1029 1210 omniuo
1063 1184 1220 1210 caecum
1258 1176 1325 1210 aut
1360 1173 1408 1210 ab
1439 1173 1522 1210 aliis
1555 1175 1753 1210 caecatum

274 1253 358 1279 esse
395 1241 579 1278 narravit.
647 1240 759 1287 Quae
797 1241 826 1277 si
866 1244 970 1277 recte
1011 1240 1210 1289 disputata
1246 1243 1347 1286 sunt⁷
1384 1240 1575 1278 Herodoti
1612 1251 1753 1278 nomen

275 1317 360 1346 esse
392 1310 619 1356 corruptum
656 1308 796 1357 elucet,
828 1307 864 1344 id
898 1307 1001 1356 quod
1034 1306 1259 1344 dubit-mter
1289 1308 1362 1344 iam
1395 1307 1569 1345 indicare
1599 1307 1755 1345 videtur

274 1376 444 1413 Steinius
476 1376 496 1412 l
525 1388 559 1413 a.
618 1376 694 1413 P10
718 1387 794 1423 quo
824 1387 909 1412 cum
933 1375 1101 1423 quaeris,
1133 1374 1226 1424 quid
1250 1375 1300 1412 sit
1322 1375 1618 1422 restituendum,
1650 1375 1754 1424 equi-

274 1443 360 1480 dem
393 1446 555 1491 accepto
579 1455 712 1480 01··1010
735 1454 928 1492 persaepe
951 1443 988 1479 in
1011 1443 1171 1480 scholiis
1192 1444 1351 1480 invento
1380 1455 1595 1493 proponam
1622 1431 1755 1480 Ἡσίο-

275 1508 362 1556 dog,
403 1524 517 1561 quem
559 1515 597 1549 et
632 1511 670 1548 in
711 1511 792 1548 aliis
829 1510 1078 1558 carminibus
1119 1523 1221 1559 quae
1260 1511 1293 1548 01
1335 1510 1534 1559 adscripta
1573 1514 1676 1560 suut,
1716 1512 1755 1548 et

275 1579 514 1628 potissimum
554 1579 592 1616 iu
625 1579 832 1616 mulierum
866 1578 1047 1627 catalogo
1085 1581 1123 1615 et
1153 1579 1269 1627 eoeis,
1307 1590 1393 1615 cum
1427 1578 1475 1615 de
1506 1578 1657 1627 origine
1687 1581 1756 1616 aut

275 1647 478 1684 itineribus
500 1646 664 1683 deorum
694 1648 731 1683 et
758 1646 919 1683 heroum
954 1646 1194 1701 loqueretur,
1224 1646 1418 1694 permulta
1446 1645 1675 1694 exposuisse
1706 1645 1755 1683 de

275 1714 389 1751 terris
419 1714 630 1752 reconditis
668 1726 687 1751 e
719 1713 894 1762 reliquiis
933 1714 1072 1751 elucet.
1133 1713 1249 1760 Quod
1280 1716 1408 1751 autem
1447 1707 1614 1762 ἱστορεῖ
1647 1713 1752 1762 dicit,

276 1794 351 1819 11011
385 1782 557 1829 offendit,
596 1794 681 1819 cum
715 1781 814 1819 idem
847 1781 894 1818 de
926 1781 1192 1830 Aristophane
1224 1784 1340 1830 poeta
1371 1781 1516 1818 dictum
1547 1780 1751 1818 videamus

274 1851 311 1887 in
344 1850 463 1887 schol.
486 1851 600 1898 Vesp.
626 1852 742 1887 1191.

389 1915 428 1961 3)
474 1915 601 1953 Schol.
630 1916 848 1963 N11b.3o4,
879 1915 943 1953 ubi
973 1916 995 1952 l.
1020 1917 1082 1954 19.
1111 1918 1163 1953 20
1194 1915 1314 1953 verba
1336 1918 1430 1963 puto
1453 1927 1537 1952 esse
1559 1917 1755 1964 corrupta.

274 1984 406 2021 Habes
446 1984 545 2021 enim
588 1984 694 2021 hunc
735 1984 1016 2021 sententiarum
1059 1983 1252 2020 ordinem:
1301 1982 1422 2028 „bene
1463 1985 1579 2032 po'c‘ta
1618 1983 1754 2020 Nubes

274 2052 366 2089 facit
396 2052 559 2100 primum
593 2051 639 2089 de
670 2051 813 2090 Cerere
845 2055 882 2089 et
913 2051 1152 2100 Proserpina
1184 2053 1371 2088 canentes
1403 2050 1467 2095 (cf.
1490 2063 1523 2086 v.
1547 2052 1625 2088 301
1640 2048 1754 2098 sqq.).

277 2119 371 2157 Cum
404 2119 544 2167 quibus
577 2119 722 2156 habent
759 2118 907 2168 aliquid
939 2118 1256 2168 propinquitatis.
1317 2117 1368 2155 Ut
1399 2118 1497 2155 enim
1530 2129 1662 2155 earum
1695 2120 1754 2155 est

275 2187 423 2224 fructus
461 2199 688 2234 procreare,
732 2187 785 2224 ita
821 2186 927 2235 apud
966 2186 1101 2224 Nubes
1138 2188 1216 2224 stat
1253 2185 1394 2223 imbres
1431 2185 1627 2234 proferre,
1670 2185 1754 2223 sine

275 2254 416 2302 quibus
455 2254 605 2291 fructus
646 2266 824 2292 creseere
860 2252 1101 2303 nequeunt“.
1166 2254 1244 2290 Iam
1282 2253 1478 2301 pergitur:
1523 2247 1561 2288 εἲ
1597 2263 1642 2302 γε
1680 2247 1753 2289 καὶ

275 2312 352 2356 τὸν
376 2311 546 2369 Ἴακχον
588 2311 744 2368 (αὐτόν
776 2321 863 2359 add.
893 2319 938 2368 R)
978 2312 1214 2370 ἐχόρευσαν
1252 2323 1343 2363 ταῖς
1374 2319 1511 2365 θεαῖς,
1553 2311 1610 2364 ὡς
1636 2308 1753 2368 Ἡρό-

275 2384 405 2431 δοτος
435 2387 545 2434 κτλ,
577 2401 677 2437 quae
708 2389 830 2427 verba
861 2400 977 2426 sensu
1010 2400 1120 2425 cassa
1151 2390 1252 2425 sunt.
1311 2387 1503 2435 Apertum
1535 2389 1594 2424 est
1625 2386 1753 2424 dicere

274 2455 374 2492 velle
406 2457 717 2504 grammaticum:
757 2456 900 2494 deinde
933 2457 1006 2493 iam
1039 2455 1089 2493 ad
1121 2455 1317 2492 Bacchum
1349 2454 1399 2500 (v.
1422 2453 1518 2499 311)
1550 2453 1754 2491 celebran-

276 2522 365 2560 dum
397 2534 436 2560 se
468 2524 662 2561 convertit
692 2525 864 2562 Nubium
898 2524 1050 2569 chorus,
1082 2522 1214 2560 addito
1244 2520 1435 2559 Herodoti
1465 2521 1654 2570 exemplo,
1685 2521 1753 2570 qui

275 2594 313 2626 et
339 2590 420 2638 ipse
449 2602 535 2627 cum
559 2590 706 2628 deabus
730 2591 938 2630 Eleusiniis
966 2591 1169 2640 coniungit
1190 2589 1398 2627 Bacchum.
1449 2589 1573 2636 Quam
1596 2589 1645 2627 ob
1666 2600 1749 2626 rem

385 2688 412 2726 ⁷)
438 2686 518 2720 Non
537 2696 653 2721 meum
669 2689 725 2720 est
742 2686 786 2720 de
804 2686 870 2721 hac
886 2696 924 2721 re
941 2695 1066 2730 agere3
1085 2684 1128 2720 cf.
1143 2685 1305 2720 Steinius
1319 2685 1355 2718 in
1371 2684 1426 2719 ed.
1445 2688 1482 2719 et
1499 2685 1746 2727 Neumannus,

275 2742 342 2775 Die
360 2742 536 2776 Hellenen
561 2743 607 2776 im
625 2742 904 2787 Skythenlande
922 2743 937 2776 I
963 2755 998 2787 p.
1016 2745 1091 2777 281.
1114 2745 1189 2786 28⁶2,
1216 2742 1277 2786 qui
1295 2741 1468 2776 Herodoti
1487 2741 1601 2775 errori
1626 2740 1750 2774 miram

275 2797 367 2832 hanc
391 2807 466 2832 rem
492 2799 602 2834 tribui
627 2800 716 2834 vult.
