1830 3201
273 148 352 189 268

273 266 456 312 corrupta
494 263 571 298 sint
607 261 739 308 verba,
780 260 957 309 equidem
997 271 1082 296 cum
1120 259 1165 297 iis
1205 260 1421 308 consentio,
1465 260 1530 308 qui
1569 273 1613 297 ea
1651 261 1745 298 nihil

272 342 357 368 esse
388 330 529 378 putant
560 328 632 364 nisi
664 328 842 364 iteratum
871 327 990 363 schol.
1013 327 1128 375 Vesp.
1150 329 1243 375 502,
1279 329 1321 363 ut
1352 319 1387 362 ν’
1411 331 1542 375 putem
1575 328 1745 365 scriben-

273 397 361 435 dum
396 408 481 434 esse
512 407 583 444 pro
614 387 663 444 y',
695 386 818 437 νόω)
852 406 920 442 pro
953 383 1001 438 δ’,
1042 386 1098 441 λς’
1129 406 1200 442 pro
1231 386 1272 442 ς’.

387 464 424 507 7)
468 463 594 501 schol.
617 463 732 511 Vesp.
758 465 874 506 1122,
907 462 971 499 11111
1001 461 1047 498 ad
1073 474 1143 499 nos
1165 462 1364 511 pertinent
1386 474 1442 505 ea,
1474 474 1574 511 quae
1606 463 1642 500 in
1672 462 1745 508 fine

272 533 468 581 leguntur,
505 544 527 567 a
559 530 693 568 codice
723 531 755 567 R
794 541 949 578 quoque
988 529 1176 567 exhibita:
1214 520 1381 580 μήποτε
1424 518 1446 566 ὁ
1488 526 1746 579 διαφθείρας

272 592 351 635 τὸν
383 588 448 635 ἐπ’
471 588 717 647 Ἀρτεμισίῳ
744 589 906 633 στόλον
929 594 993 646 τῷ
1015 589 1219 646 βαρβάρῳ
1252 592 1341 646 (scr.
1363 593 1455 632 τῶν
1475 589 1744 645 βαρβάρωτὴ·

271 678 322 702 30.
347 654 369 701 ὁ
392 659 559 713 βορέας.
602 660 747 706 καλῶς
770 658 813 700 ὸὲ
836 656 888 699 τὸ
911 656 1306 712 ἑπεστρατὲύσατο·
1336 656 1476 707 πολὺς
1496 656 1577 712 γὰρ
1600 657 1748 699 ἐλθών

272 735 360 779 (scr.
389 724 598 769 ἐπελθών
629 734 671 768 111
704 730 750 775 V)
782 727 1021 768 κατέδυσεν
1052 731 1123 778 (sie
1155 733 1183 768 V
1216 744 1286 780 pro
1318 728 1555 768 κατέλυσεν
1588 731 1671 769 cod.
1700 733 1746 776 R)

271 791 422 837 αὐτῶν
453 792 507 836 τὰ
537 792 694 849 onim),
727 799 831 847 quod
864 799 1051 836 scholium
1085 799 1120 835 in
1145 799 1232 836 aliis
1254 798 1452 836 codicibus
1484 799 1658 836 similiter
1685 812 1747 836 ex-

272 869 432 905 hibitum
466 868 555 905 olim
588 867 635 904 ad
668 867 806 904 lemma
837 862 991 915 βορέας
1023 866 1263 916 adscriptum
1295 878 1379 904 esse
1412 879 1482 915 per
1513 879 1553 905 se
1584 869 1746 905 constat.

271 936 364 972 Rern
404 947 451 972 ex
483 934 628 972 Herod.
651 934 735 982 VII,
766 936 855 972 188.
888 936 963 972 189
1004 934 1132 971 hausit
1172 933 1362 982 Didymus
1399 933 1463 980 (cf.
1496 931 1641 984 antea),
1681 934 1747 972 sed

272 1004 322 1040 ita
360 1006 401 1040 111
432 1015 475 1039 ea
507 1014 608 1051 quae
641 1001 864 1039 Herodotus
896 1002 1075 1039 evenisse
1107 1002 1199 1039 dicit
1237 1014 1322 1039 eum
1356 1002 1601 1040 Artemisium
1635 1003 1748 1039 vehe—

272 1074 408 1107 rentur
440 1070 588 1117 Graeci,
620 1069 669 1107 ad
701 1070 825 1118 ipsum
861 1069 1049 1118 proelium
1083 1069 1327 1107 transferret.

385 1138 424 1180 8)
468 1136 596 1174 Schol.
626 1137 716 1173 Pac.
744 1139 838 1185 410,
877 1137 943 1173 ubi
975 1138 1006 1174 R
1045 1137 1126 1174 sola
1163 1137 1279 1174 habet
1309 1137 1422 1174 haec:
1464 1132 1505 1174 οἱ,
1536 1130 1746 1187 βάρβαροι

270 1196 350 1240 τὸν
380 1194 510 1253 ἥλιον
545 1200 615 1240 καὶ
654 1197 736 1252 τὴν
766 1194 954 1254 σελήνην
990 1202 1176 1253 τιμῶσιν
1216 1193 1274 1249 ὡς
1301 1193 1534 1253 Ἡρόδοτος
1573 1198 1748 1254 ἱστορεῖ,

272 1272 334 1309 alii
368 1272 533 1321 codices,
564 1272 665 1308 inter
696 1283 794 1320 quos
826 1275 885 1308 est
914 1272 955 1316 V⁷
987 1271 1151 1309 addunt:
1183 1266 1384 1316 ἐπιθικῶς
1407 1268 1452 1309 δὲ
1475 1266 1515 1308 οἱ
1537 1265 1746 1322 βάρβαροι

270 1330 351 1375 τόν
385 1350 429 1375 τε
468 1330 594 1389 ἥλιον
633 1335 705 1374 καὶ
741 1332 823 1387 τὴν
860 1331 1049 1388 σελήνην
1088 1336 1210 1375 θεῶν
1250 1337 1421 1388 μᾶλλον
1460 1332 1645 1376 πάντων
1686 1335 1749 1375 σέ-

271 1406 409 1452 p’ovot.
462 1399 532 1442 διὰ
565 1405 700 1442 τοῦτο
738 1402 811 1442 καὶ
848 1397 929 1455 τὴν
962 1404 1106 1456 Δῆλον
1145 1402 1213 1442 καὶ
1253 1399 1336 1455 τὴν
1358 1397 1543 1454 Ἔφεσον
1579 1397 1632 1443 οὗ
1670 1402 1750 1443 διε-

274 1466 536 1523 λυμήναντο.
595 1462 617 1509 ὁ
655 1468 733 1522 μὲν
770 1464 849 1523 γὰρ
891 1463 1013 1522 ἥλιος
1055 1463 1284 1511 Ἁπόλλων
1326 1467 1594 1523 ἐνενόμιστο,
1637 1463 1661 1524 ἡ
1703 1469 1749 1510 δὲ

230 1528 232 1531 .
274 1531 460 1590 Ἄρτεμις
489 1533 644 1590 σελήιή
681 1540 731 1587 (V
754 1540 854 1578 falso
884 1541 990 1578 addit
1016 1534 1247 1590 &popum-o).
1306 1542 1401 1579 Mire
1433 1553 1495 1579 res
1524 1544 1750 1590 comparata

273 1614 341 1645 est.
401 1609 500 1645 Nam
533 1608 626 1657 quid
659 1608 730 1645 sibi
761 1609 845 1645 vult
876 1608 972 1657 illud
1006 1603 1208 1653 ἐπιεικῶς
1239 1608 1259 1645 1.
1285 1621 1316 1645 6.
1345 1611 1461 1657 apte?
1519 1607 1644 1655 Quod,
1674 1608 1747 1645 nisi

274 1680 410 1723 poetae
441 1676 670 1713 sententiam
705 1676 803 1713 bene
825 1679 862 1713 et
885 1679 990 1713 reete
1014 1688 1052 1713 36
1077 1676 1219 1713 habere
1248 1676 1401 1724 probari
1425 1676 1574 1724 volunt,
1604 1675 1749 1713 addere

276 1756 350 1780 11011
386 1743 511 1780 solent
543 1743 782 1792 grammatici
817 1740 879 1789 (cf.
913 1736 1112 1791 εἰκότως,
1143 1743 1245 1792 quod
1281 1743 1379 1780 idem
1412 1744 1529 1792 valet,
1560 1743 1597 1780 in
1629 1743 1749 1780 schol.

272 1861 331 1895 Ad
350 1862 506 1895 eundem
525 1871 657 1895 annum
682 1861 913 1904 pervenimus
935 1860 1049 1894 Thuc.
1067 1860 1126 1901 VI,
1145 1864 1186 1895 59
1205 1861 1330 1903 adiuti,
1356 1871 1432 1895 eum
1453 1861 1629 1904 proelium
1652 1862 1748 1904 apud

273 1916 483 1950 Marathona
516 1917 686 1951 evenisse
719 1915 890 1950 archonte
922 1916 1134 1960 Phaenippo
1169 1917 1229 1958 (M.
1256 1918 1335 1951 Par.
1363 1920 1423 1960 483
1453 1917 1548 1951 Plut.
1573 1916 1689 1950 Arist.
1714 1918 1749 1959 5)

273 1977 397 2005 eontra
416 1972 600 2015 Ungerum
625 1973 715 2007 bene
734 1972 946 2015 probaverit
963 1972 1181 2016 Toepfferus
1209 1973 1229 2006 l.
1247 1982 1275 2006 a.
1300 1975 1368 2007 136.
1419 1973 1508 2007 Cum
1526 1971 1593 2006 hac
1611 1973 1749 2006 ratione

273 2028 440 2071 congruit
461 2027 684 2062 Aristoteles
711 2032 747 2062 51
770 2038 885 2062 annos
912 2033 1087 2071 tyrannos
1111 2038 1287 2071 regnasse
1313 2028 1449 2062 dicens.
1499 2028 1641 2062 Etenim
1667 2038 1749 2062 cum

272 2083 485 2117 Pisistratus
519 2083 690 2117 archonte
723 2084 847 2118 Comia
878 2084 938 2123 (M.
958 2084 1035 2118 Par.
1055 2087 1106 2125 5ss,
1138 2084 1231 2118 Plut.
1250 2084 1322 2118 Sol.
1342 2086 1399 2125 32)
1431 2084 1662 2128 tyrannidem
1696 2093 1749 2117 ac-

273 2139 442 2181 cepisset,
469 2149 489 2172 a
506 2150 577 2182 qua
591 2140 729 2173 ratione
755 2150 827 2172 non
847 2145 903 2174 est
927 2150 989 2174 0111·
1014 2150 1092 2174 011111
1111 2139 1302 2183 Toepflero
1329 2140 1350 2173 1.
1369 2150 1398 2174 a.
1418 2150 1452 2182 p.
1471 2143 1528 2173 141
1550 2139 1748 2173 Eusebium

273 2199 398 2228 secuto
416 2195 647 2229 discedamus
673 2199 796 2239 :Minoo
818 2196 959 2229 initium
979 2197 1173 2234 tribuente,
1199 2206 1353 2239 eumque
1379 2199 1613 2235 :53418251
1635 2206 1748 2229 annos

273 2260 445 2291 regnasse
472 2256 645 2294 tyrannos
672 2257 830 2294 exponat
855 2252 1106 2295 philosophus,
1131 2252 1177 2285 ad
1203 2255 1266 2285 510
1296 2251 1564 2294 perveniemus,
1590 2251 1618 2284 si
1644 2251 1750 2284 modo

274 2306 442 2347 ponimus
469 2316 548 2340 eum
575 2316 720 2348 annum,
745 2317 817 2350 quo
843 2312 878 2341 et
898 2307 1111 2341 Pisistratus
1137 2307 1230 2341 obiit
1254 2312 1290 2341 et
1314 2306 1379 2340 filii
1400 2312 1667 2348 successerunt,
1694 2306 1750 2339 bis

273 2362 306 2394 in
334 2362 507 2395 rationem
535 2363 680 2397 ductum
708 2372 798 2397 esse.
847 2364 902 2396 Ita
920 2363 1014 2397 enim
1037 2362 1210 2396 facillime
1234 2363 1427 2406 scrupulus
1445 2366 1663 2405 removetur,
1689 2362 1750 2405 qui

275 2418 433 2459 pupugit
457 2418 691 2452 Petersenuu]
719 2420 739 2453 1.
758 2428 787 2452 a.
810 2422 869 2452 117
893 2419 975 2452 adn.
1000 2422 1024 2461 1,
1050 2422 1090 2452 ut
1114 2418 1158 2451 ad
1179 2422 1243 2452 509
1262 2418 1480 2462 perveniret,
1507 2428 1577 2462 qua
1596 2427 1632 2451 re
1658 2428 1749 2451 com-

274 2476 392 2506 motus
411 2477 475 2515 est,
503 2478 541 2506 ut
559 2484 689 2516 magna
707 2473 957 2517 panathenaea
974 2485 1045 2508 non
1064 2474 1171 2508 tertio
1190 2474 1253 2507 sed
1271 2477 1400 2517 quarto
1418 2472 1515 2508 anno
1532 2474 1577 2507 ol.
1591 2472 1747 2507 LXXXI

272 2528 449 2562 tribueret
474 2533 511 2562 et
528 2529 695 2572 Hippia-m
714 2533 777 2563 518
796 2536 975 2564 mortuum
993 2540 1075 2564 esse
1093 2530 1266 2564 crederet.
1301 2530 1471 2564 Ceterum
1495 2529 1540 2564 ef.
1560 2529 1749 2563 Busoltius

274 2584 287 2616 l
314 2594 347 2626 p.
366 2588 425 2618 551
454 2585 536 2618 adn.
554 2590 583 2626 3,
610 2585 670 2628 qui
697 2585 740 2618 de
766 2595 911 2628 pugnae
937 2584 1180 2619 Marathoniae
1206 2589 1368 2628 tempore
1394 2585 1466 2619 sibi
1491 2595 1562 2618 non
1591 2588 1747 2627 constat,

275 2638 321 2672 ef.
347 2639 451 2681 11,s3
478 2641 559 2674 adn.
580 2644 611 2675 2.

387 2698 428 2737 ¹⁹)
460 2695 536 2730 Hoc
570 2696 708 2730 scholio
741 2696 1008 2739 quodammodo
1042 2696 1221 2731 sententia
1254 2705 1332 2730 mea
1364 2697 1629 2738 corroboratur,
1666 2706 1746 2729 eum

272 2747 417 2783 facilius
443 2750 479 2783 N
502 2760 544 2784 ex
564 2751 592 2784 A
616 2751 778 2794 potuerit
803 2752 982 2795 eorrumpi
1008 2761 1114 2795 quam
1138 2751 1189 2785 M.
