1830 3201
299 177 377 213 130

296 274 393 313 illud
426 278 485 313 est
516 276 729 315 tenendum
760 280 852 328 apte
882 278 1020 318 referri
1057 279 1105 317 ad
1128 279 1265 318 librum
1296 272 1408 330 πρὸς
1436 271 1491 318 τὰ
1519 271 1596 319 υπ’
1615 279 1770 333 Αριστ-

295 334 431 392 άρχου
468 332 762 394 ἆθετούμευα,
799 358 914 395 quem
952 359 974 384 a
1005 347 1177 396 genuina
1211 347 1398 386 librorum
1434 349 1621 388 Zenodoti
1651 350 1770 389 Alex-

294 409 450 448 andrini
487 413 782 451 enumeratione
820 413 991 452 abfuisse
1028 413 1194 463 probare
1231 415 1492 465 studebimus,
1529 417 1704 456 scholion
1735 419 1770 456 T

293 477 342 515 ad
375 477 417 515 Il.
444 489 469 515 ν
493 480 573 517 730
605 476 728 527 (Eust.
757 479 952 531 957,10>‚
988 481 1052 519 ubi
1083 482 1307 520 nominatur
1343 483 1565 522 Zenodotus
1597 485 1770 523 Mallota.

294 545 405 592 Quae
435 550 666 596 argumenta
698 548 730 586 si
761 548 979 599 collegeris,
1010 550 1075 586 vix
1106 549 1319 593 credideris
1351 562 1435 588 eam
1461 551 1649 589 rationem
1681 565 1768 601 pro-

293 612 456 651 babilem
500 626 596 660 esse,
640 618 682 654 ut
721 616 964 655 Zenodotum
1006 617 1269 656 Alexandriae
1310 621 1443 656 natum
1487 621 1622 667 postea
1662 620 1769 658 Malli

293 684 571 720 commoratum
604 694 689 721 esse
721 683 890 733 indeque
923 697 1140 733 cognomen
1172 685 1372 734 accepisse
1403 697 1644 726 censeamus.

405 749 714 799 Distinguendos
736 752 853 800 igitur
875 764 960 791 esse
982 753 1221 791 Zenodotum
1245 753 1553 793 Alexandrinum
1576 757 1614 793 et
1636 755 1769 794 Mallo-

292 817 370 853 tam
383 814 411 862 ¹)
443 817 759 856 verisimillimum
792 822 860 857 est.

405 906 552 956 Restat,
592 911 634 945 ut
670 908 946 959 diiudieemus,
980 909 1075 958 quid
1111 909 1161 947 sit
1196 909 1447 948 statuendum
1485 910 1533 949 de
1568 911 1768 951 Zenodoto

291 972 354 1011 illo
392 973 588 1019 Crateteo,
628 975 738 1013 cuius
774 976 894 1014 semel
931 977 1074 1015 mentio
1111 976 1153 1014 fit
1189 977 1227 1014 in
1264 977 1422 1016 scholiis
1450 979 1544 1016 Ven.
1573 979 1606 1017 A
1642 979 1691 1017 ad
1727 980 1769 1018 Il.

292 1047 326 1088 ψ
350 1043 411 1079 79.
472 1042 604 1091 Atque
635 1042 666 1080 si
696 1042 861 1092 legimus
892 1036 1144 1094 Ζηνόδοτος
1172 1039 1194 1081 ὁ
1217 1037 1495 1095 Κρατήτειος,
1526 1041 1659 1085 facere
1690 1060 1768 1085 non

291 1119 510 1157 possumus,
541 1110 636 1158 quin
669 1110 773 1148 hunc
793 1111 1035 1149 Zenodotum
1068 1112 1154 1149 aliis
1185 1113 1359 1151 eiusdem
1387 1113 1552 1151 nominis
1577 1126 1768 1163 gramma-

291 1175 390 1224 ticis,
429 1177 495 1225 qui
533 1177 699 1215 Cratetis
730 1178 884 1217 scholae
925 1191 1003 1216 non
1041 1179 1303 1226 adhaeserint,
1344 1180 1489 1229 opponi
1525 1181 1771 1231 arbitremur,

292 1242 344 1279 ita
375 1245 417 1279 ut
448 1243 672 1282 Crateteum
706 1256 826 1283 unum
854 1246 1096 1284 Zenodotum
1129 1246 1247 1284 fuisse
1279 1247 1364 1285 iure
1395 1247 1569 1296 colligas.
1627 1248 1768 1297 Neque

291 1308 453 1347 dubium
490 1322 575 1349 esse
612 1315 758 1361 potest,
803 1313 896 1362 quin
933 1313 1116 1352 Mallotae
1154 1326 1371 1364 cognomen
1410 1314 1579 1353 Oratetei
1618 1315 1668 1353 sit
1702 1316 1767 1353 tri-

291 1376 500 1427 buendum,
541 1379 646 1428 quod
684 1380 854 1429 scholiis,
895 1393 995 1430 quae
1032 1381 1080 1419 ad
1118 1393 1203 1419 eum
1242 1381 1410 1421 redeunt
1449 1394 1631 1431 quaeque
1666 1383 1768 1421 infra

290 1456 522 1495 proponam,
558 1446 664 1484 clare
695 1448 912 1497 apparebit.
971 1449 1023 1486 At
1054 1452 1218 1497 quaerat
1249 1450 1456 1498 quispiam,
1492 1462 1562 1488 cur
1592 1462 1670 1488 non
1700 1463 1768 1500 po·

291 1512 366 1550 tius
397 1513 636 1552 Zenodotum
661 1515 968 1553 Alexandrinum
998 1516 1330 1565 Pergamenorum
1353 1516 1512 1555 scholae
1534 1519 1767 1556 sectatorem

291 1583 485 1629 putemus,
523 1582 669 1631 quippe
707 1582 772 1632 qui
810 1581 1048 1632 Hesychi02)
1085 1588 1247 1623 auctore
1287 1584 1426 1622 librum
1463 1577 1575 1634 πρὸς
1609 1577 1664 1621 τὰ
1693 1577 1767 1622 ὑπ’

288 1637 569 1698 Άριστὰρχου
606 1639 881 1700 (ἔθετούμειά
919 1652 1193 1701 composuerit.
1259 1652 1346 1699 Qua
1376 1651 1415 1689 in
1447 1664 1490 1690 re
1525 1652 1768 1703 illustranda,

291 1715 386 1764 quid
417 1720 603 1754 accurata
633 1718 955 1766 interpretatione
988 1720 1090 1757 vitae
1126 1719 1315 1758 Zenodoti
1346 1719 1613 1767 Alexandrini,
1650 1732 1766 1770 quam

291 1783 468 1823 exhibuit
497 1785 731 1835 Hesychius,
760 1786 1020 1835 proficiamus,
1053 1800 1159 1825 nunc
1191 1791 1249 1825 est
1280 1786 1686 1836 circumspiciendum.

402 1853 533 1902 Atque
574 1857 616 1891 ut
655 1866 732 1892 non
774 1854 951 1893 dicamus
992 1855 1041 1893 de
1082 1854 1337 1902 Duentzeri3)
1378 1856 1581 1905 opinione,
1621 1856 1687 1905 qui
1728 1856 1767 1894 in

291 1922 585 1960 enumeratione
602 1922 788 1961 librorum
811 1923 975 1962 offendit
996 1923 1148 1963 dicens:
1181 1925 1325 1969 „verba
1342 1917 1504 1974 ἔγραψε
1520 1915 1633 1975 πρὸς
1649 1917 1767 1962 Πλά-

290 2002 410 2029 τωνα
448 1988 549 2043 περὶ
580 1991 702 2031 θεῶν
738 1997 828 2032 ante
858 1987 970 2043 πρὸς
1000 1987 1054 2031 τὰ
1088 1981 1158 2030 ὕπ’
1181 1982 1458 2043 Ἀριστάρχου
1490 1983 1768 2044 άθετούμενα

288 2062 474 2112 ponenda
503 2062 700 2112 videntur,
730 2075 779 2100 ne
811 2063 960 2112 scripta
990 2061 1039 2099 ad
1068 2063 1280 2100 Homerum
1311 2062 1550 2112 pertinentia
1580 2062 1681 2100 male
1711 2061 1766 2100 di·

289 2130 519 2175 rimantur“,
550 2143 637 2168 cum
670 2133 709 2168 et
741 2130 837 2168 liber
867 2130 931 2169 ille
963 2130 1011 2168 de
1042 2130 1115 2168 diis
1147 2130 1396 2180 conscriptus
1426 2142 1449 2167 a
1475 2129 1593 2168 rebus
1624 2130 1766 2168 Home-

289 2198 379 2236 ricis
410 2198 563 2236 minime
594 2197 847 2236 abhorruisse
877 2197 1059 2236 videatur
1091 2197 1184 2247 (qua
1215 2197 1263 2236 de
1295 2210 1337 2236 re
1368 2198 1470 2235 intra
1501 2197 1691 2244 dicemus)
1727 2201 1765 2236 et

288 2266 393 2316 apud
439 2266 595 2306 Suidam
647 2267 788 2305 similia
832 2266 991 2316 saepius
1042 2264 1352 2317 repe1·iantur⁴),
1406 2266 1610 2304 collocatio
1654 2266 1764 2305 verbi

404 2396 430 2436 ¹)
463 2395 520 2430 Cf.
541 2396 581 2431 B.
600 2395 790 2437 'Phiei-sch,
816 2396 936 2431 Ueber
954 2396 1019 2431 das
1036 2396 1207 2430 Zeitalter
1224 2395 1298 2430 und
1317 2395 1516 2430 Vaterland
1537 2396 1602 2430 des
1620 2396 1764 2439 Homer,

289 2464 323 2496 p.
343 2456 402 2495 263
436 2452 605 2487 Muetzell
633 2464 665 2496 p.
685 2455 765 2496 2813
793 2452 980 2487 Duentzer
1005 2463 1039 2496 p.
1058 2456 1116 2495 253
1148 2451 1346 2487 Schneider
1370 2452 1392 2486 1.
1410 2452 1431 2485 l.
1457 2462 1508 2486 nr.
1527 2455 1609 2493 2183
1640 2451 1762 2494 Flach‚

288 2509 443 2543 Glossen
472 2509 547 2543 und
573 2508 741 2543 Scholien
776 2519 840 2542 zur
864 2507 1143 2543 hesiodeischen
1168 2507 1390 2552 Theogonie‚
1418 2511 1514 2552 1876,
1544 2519 1578 2552 p.
1601 2511 1672 2542 110.
1719 2508 1762 2542 In

288 2565 407 2600 medio
433 2565 583 2609 reliquit
607 2564 857 2608 quaestionem
883 2563 1144 2607 Schneidewin,
1167 2563 1349 2599 Philol.11
1373 2575 1408 2608 p.
1428 2567 1503 2599 764.

400 2624 431 2665 2)
464 2622 521 2655 Ita
552 2620 743 2655 brevitatis
769 2629 879 2654 causa
911 2620 1071 2655 scribere
1096 2619 1182 2654 mihi
1205 2620 1323 2663 liceat,
1356 2629 1573 2665 quamquam
1597 2619 1644 2654 ad
1668 2630 1687 2655 e
1697 2619 1761 2664 pi-

290 2682 450 2712 tomam
476 2677 560 2712 libri
585 2676 806 2722 Hesychiani
831 2676 906 2710 vita
930 2675 1120 2711 referenda
1145 2679 1212 2710 est.

401 2736 429 2775 3)
463 2733 518 2768 Cf.
543 2745 577 2777 p.
596 2736 636 2767 23
662 2733 744 2767 adn.
763 2736 792 2767 2.

401 2791 430 2833 ⁴)
464 2789 517 2823 Cf.
543 2789 643 2825 Suid.
671 2800 698 2823 s.
716 2800 748 2824 v.
769 2784 986 2834 Ἡρακλέων
1008 2785 1233 2834 Αἰγύπτιοςι
1269 2784 1440 2834 ἔγραψεν
1474 2783 1675 2833 ὑπόμνημα
1707 2785 1760 2831 εἰς
