1830 3201
315 167 394 204 26ss

314 278 398 315 1000
439 277 657 315 confirmari
695 278 920 325 putaverint
957 276 1132 314 homines
1169 275 1284 315 docti.
1345 278 1403 314 Ad
1438 290 1548 326 quem
1584 289 1785 315 numerum

314 344 520 382 Clintonus
552 344 590 390 (1.
616 357 648 381 a.
680 356 714 392 p.
744 342 840 389 202)
879 344 932 380 ita
970 344 1122 391 putavit
1161 345 1387 392 pervenisse
1425 349 1631 394 oratorem,
1669 349 1712 383 ut
1742 346 1789 382 de

312 415 394 449 toto
437 423 597 449 numero
640 423 828 448 annorum
872 409 956 457 (51)
1001 411 1226 449 detraheret
1267 424 1334 449 eos
1375 424 1516 460 annos,
1561 425 1659 461 quos
1702 424 1787 450 cum

313 480 448 516 iterum
473 479 660 527 expulsus
682 483 784 516 esset
811 479 849 515 in
872 479 986 515 exilio
1010 478 1170 527 degeret
1194 479 1421 517 Pisistratus
1444 479 1541 527 (11),
1574 479 1789 528 eodemque

313 546 427 583 modo
464 545 697 583 scholiastae
735 545 892 590 fontem,
930 546 1230 595 Aristophanem
1271 548 1512 595 Byzantium,
1553 550 1593 584 ut
1624 548 1687 585 ille
1720 560 1789 596 pu-

313 614 419 662 tavit,
458 626 543 650 cum
577 613 625 651 de
658 617 707 651 51
743 612 966 650 detraheret
997 625 1120 651 annos
1153 615 1369 662 completos
1400 615 1545 653 decem.
1605 615 1788 663 Compro-

312 680 416 717 bavit
453 680 554 718 hanc
591 680 778 718 rationem
817 681 1052 729 Toepfferus
1089 680 1127 727 (1.
1155 694 1188 719 a.
1218 684 1307 721 134.
1345 681 1451 727 135),
1494 686 1532 720 et
1569 683 1661 730 ipse,
1702 695 1787 719 cum

312 747 474 796 primum
519 748 703 785 exulante
741 748 947 785 Pisistrato
993 751 1143 786 tantum
1189 748 1370 799 afuisset,
1415 753 1457 787 ut
1501 750 1788 787 controversiae

313 815 446 852 civiles
486 816 746 863 quiescerent,
782 818 824 852 ut
856 816 1052 864 Megacles
1089 816 1276 865 princeps
1308 817 1673 855 Alcmaeonidarum
1711 829 1788 854 non

312 881 506 920 dubitaret
536 883 740 930 pristinum
764 883 940 919 Athenas
966 895 1155 920 revocare
1182 883 1466 931 adversarium,
1498 885 1656 922 alterius
1688 884 1788 921 exilii

312 950 443 987 decem
479 962 602 987 annos
640 949 831 987 deductos
869 962 954 987 esse
996 954 1105 987 ratus
1142 964 1163 988 a
1196 951 1388 989 Pisistrati
1420 951 1642 1001 tyrannide.
1712 951 1787 989 Sed

311 1018 394 1054 sine
432 1017 548 1054 dubio
586 1030 662 1054 non
702 1020 808 1054 recte
845 1018 1091 1066 interpretati
1131 1023 1221 1056 sunt
1258 1022 1470 1057 auctorem.
1536 1020 1586 1057 Et
1623 1020 1786 1068 primum

311 1084 465 1133 quidem
509 1085 626 1133 plane
665 1097 750 1122 cum
783 1086 995 1133 Toepffero
1032 1085 1071 1131 (l.
1100 1098 1131 1122 a.
1164 1099 1199 1135 p.
1232 1086 1326 1132 126)
1367 1088 1571 1124 consentio
1607 1087 1789 1124 Isocratis

312 1152 526 1189 narrationi
568 1164 645 1189 non
684 1153 842 1189 nimium
885 1157 1118 1190 momentum
1164 1154 1279 1191 tribui
1318 1154 1462 1192 debere
1504 1154 1666 1192 dicenti:
1711 1166 1786 1191 non

311 1223 402 1256 sunt
439 1219 610 1256 historici
650 1221 825 1257 oratores
866 1232 994 1268 neque
1030 1220 1067 1257 id
1104 1224 1228 1269 agunt
1264 1241 1316 1245 —-
1352 1221 1390 1258 id
1430 1221 1535 1270 quod
1574 1221 1788 1270 praecipue

311 1285 358 1322 ad
392 1298 557 1335 graecos
589 1290 766 1324 oratores
799 1290 951 1335 spectat
981 1307 1047 1336 —,
1085 1291 1127 1325 ut
1159 1289 1292 1325 stricte
1324 1293 1362 1326 et
1392 1291 1575 1326 accurate
1613 1301 1691 1327 rem
1725 1300 1788 1325 ex·

310 1358 468 1402 ponant,
491 1358 533 1391 ut
555 1355 639 1391 sine
657 1355 775 1392 dubio
798 1356 989 1392 erraverIt
1011 1355 1297 1403 quodammodo
1317 1358 1501 1405 Ungerus
1523 1358 1560 1399 (l.
1583 1369 1615 1394 a.
1637 1370 1673 1406 p.
1691 1355 1788 1402 384)

310 1422 429 1459 verba
447 1423 614 1459 rhetoris
632 1422 744 1459 nimis
762 1434 955 1471 premens.
996 1422 1071 1460 Sed
1091 1423 1360 1461 vehementius
1379 1425 1526 1461 erravit
1542 1426 1787 1473 Tocpfferus·

309 1488 381 1534 Qui
412 1501 496 1526 cum
520 1489 716 1538 vituperet
739 1490 953 1538 Ungerum,
985 1490 1088 1538 quod
1122 1503 1191 1538 pro
1225 1494 1332 1528 certo
1366 1491 1545 1528 habuerit
1578 1493 1785 1529 Isocratem

309 1548 499 1600 στάσεως
520 1557 624 1593 illius
647 1556 758 1593 finem
792 1557 839 1593 ad
863 1554 1022 1603 511s10
1050 1556 1249 1606 (Hippiam
1273 1558 1550 1606 expulsumffl)
1578 1559 1786 1607 rettulisse,

308 1635 392 1660 011111
430 1623 511 1671 ipse
548 1627 658 1671 putet
698 1636 888 1672 nusquam
929 1624 1071 1661 dictum
1111 1636 1214 1673 esse,
1259 1626 1357 1662 haec
1395 1625 1590 1663 discordia
1629 1626 1786 1675 quando

308 1691 450 1727 exitum
490 1690 701 1735 habuisset,
746 1695 942 1738 postrema
980 1692 1165 1729 Isocratis
1204 1693 1326 1730 verba
1365 1692 1520 1730 videtur
1559 1693 1786 1741 neglexisse,

307 1757 446 1805 quibus
475 1757 616 1794 dicitur
648 1757 863 1795 discordias
888 1759 1091 1807 mansisse,
1122 1758 1211 1796 dum
1242 1759 1470 1797 Alcibiades
1501 1764 1539 1797 et
1571 1760 1788 1799 Clisthenes

306 1828 493 1872 tyrannos
521 1825 774 1874 expulissent.
835 1825 986 1863 Deinde
1015 1829 1144 1863 autem
1176 1839 1259 1863 cum
1293 1828 1374 1874 ipse
1406 1827 1546 1865 doceat
1576 1831 1785 1876 tyrannum

309 1904 393 1928 eum
418 1892 582 1930 alterum
606 1893 782 1930 Athenas
804 1893 966 1930 intraret
988 1906 1010 1930 a
1034 1894 1211 1942 Megacle
1235 1906 1319 1931 esse
1342 1897 1522 1932 vocatum
1552 1894 1617 1940 (cf.
1641 1895 1787 1933 Herod.

306 1960 334 2007 I,
358 1958 436 2006 61),
475 1960 671 2007 quomodo
703 1960 776 1997 hoc
807 1963 983 2009 tempore
1020 1960 1255 1998 diScordiam
1288 1961 1408 1999 fuisse
1447 1963 1549 1999 inter
1581 1963 1650 1999 hos
1682 1967 1786 2000 viros

308 2028 499 2063 Isocrates
532 2026 663 2064 dicere
695 2028 829 2075 possit,
861 2027 1042 2076 equidem
1066 2040 1142 2065 non
1168 2027 1292 2075 video,
1325 2029 1449 2076 immo,
1482 2042 1717 2078 quamquam
1747 2029 1785 2067 in

305 2094 469 2141 singulis
501 2095 618 2131 rebus
650 2107 726 2131 11011
750 2095 861 2131 nimis
893 2095 1130 2144 premendus
1152 2098 1211 2133 est
1236 2098 1384 2141 auctor,
1417 2096 1565 2134 initium
1587 2094 1666 2147 τῆς
1688 2090 1785 2134 στά-

305 2168 412 2203 σεως
444 2160 532 2197 inde
562 2161 610 2198 ab
642 2171 688 2198 00
720 2165 895 2209 tempore
927 2161 1084 2199 videtur
1114 2161 1266 2210 fecisse,
1300 2175 1377 2211 quo
1411 2163 1458 2200 ab
1490 2164 1574 2211 ipso
1605 2164 1784 2212 Megacle

308 2227 419 2264 modo
452 2230 657 2264 revocatus
689 2228 916 2266 Pisistratus
948 2230 1085 2266 iterum
1120 2230 1266 2267 eiectus
1293 2233 1363 2277 est,
1394 2229 1432 2267 id
1465 2231 1569 2278 quod
1603 2231 1699 2269 bene
1730 2232 1785 2269 in·

306 2293 453 2330 dicavit
487 2295 668 2342 Ungerus
700 2295 720 2331 l.
748 2307 780 2331 a.
841 2296 874 2332 A
907 2307 984 2344 quo
1013 2307 1126 2341 anno,
1158 2308 1272 2344 quem
1306 2308 1391 2334 esse
1422 2297 1575 2334 circiter
1605 2299 1785 2336 550110-

307 2361 427 2397 mines
460 2360 563 2397 docti
603 2361 684 2398 fere
723 2362 984 2408 consentiunt,
1023 2374 1150 2411 usque
1188 2362 1236 2399 ad
1275 2364 1461 2411 expulsos
1499 2367 1688 2412 tyrannos
1725 2377 1782 2402 re-

305 2439 400 2463 vera
431 2431 521 2463 sunt
560 2427 640 2465 fere
672 2428 945 2478 quadraginta.
1006 2429 1120 2476 Quod
1162 2432 1290 2466 autem
1330 2431 1400 2467 iam
1440 2433 1531 2468 ante
1568 2431 1668 2469 hanc
1704 2444 1784 2469 rem

305 2493 535 2530 discordiam
567 2494 686 2532 fuisse
718 2500 851 2532 narrat
882 2496 1105 2534 Herodotus
1138 2497 1163 2541 1,
1189 2498 1252 2544 59,
1284 2509 1360 2534 non
1384 2497 1521 2544 obstat,
1555 2510 1640 2535 cum
1674 2499 1781 2535 auxi-

305 2559 393 2596 lium
418 2560 522 2608 quod
544 2563 710 2608 tyranno
733 2561 912 2600 ferebant
934 2563 1237 2600 Alcmaeonidae
1269 2567 1307 2600 et
1339 2576 1383 2601 ea
1414 2576 1515 2612 quac
1543 2565 1781 2613 sequebatur

416 2656 457 2699 17)
491 2656 579 2690 Nam
598 2655 665 2689 hoc
683 2666 779 2690 anno
803 2657 979 2700 expulsus
998 2661 1055 2691 est
1073 2663 1260 2702 tyrannus,
1286 2668 1357 2692 non
1379 2659 1478 2702 quod
1495 2659 1638 2702 putavit
1655 2660 1782 2694 Peter-

303 2719 424 2750 senus,
451 2711 599 2751 Quaest.
617 2711 662 2745 de
680 2711 805 2746 histor,
822 2714 986 2755 gentium
1006 2713 1133 2755 Attio„
1159 2713 1242 2748 Kiel
1264 2716 1358 2754 1880,
1384 2725 1416 2757 p.
1438 2717 1509 2748 117.
1530 2717 1605 2756 118,
1632 2715 1772 2748 demum

302 2768 382 2807 5093
408 2763 453 2799 ef.
480 2766 617 2800 Busolt.
644 2767 664 2800 1.
683 2778 713 2800 a.
740 2772 775 2801 et
800 2778 891 2811 quae
919 2772 1047 2811 postea
1075 2768 1120 2802 de
1146 2768 1211 2802 hac
1236 2778 1273 2803 re
1300 2769 1428 2803 dicam.
