1830 3201
277 184 351 219 194

273 292 497 342 significans
542 305 657 331 uvam
703 305 790 331 cum
837 293 992 331 novisse
1038 292 1102 339 (cf.
1140 293 1185 332 Il.
1216 300 1239 330 σ
1271 293 1368 340 562)
1420 306 1533 333 nemo
1579 294 1748 344 negabit.

275 359 460 408 Offendit,
491 360 563 397 nisi
586 371 684 405 erro,
716 360 753 398 in
777 359 1081 409 comparatione,
1112 371 1212 409 quae
1232 361 1408 410 affertur,
1438 362 1622 410 opinatus
1653 373 1748 411 apes

274 426 451 463 volantes
482 437 569 463 cum
601 425 832 463 animalibus
863 425 1090 464 volucribus
1121 426 1289 465 conferri
1321 438 1480 465 necesse
1511 439 1609 465 esse.
1668 428 1746 465 Iam

274 492 395 541 vides,
432 492 535 530 unde
575 495 666 531 nata
697 493 746 530 sit
782 493 866 531 avis
896 485 1065 542 βότρυς.
1126 494 1266 543 Neque
1303 493 1343 531 id
1373 494 1619 533 contendisse
1654 495 1749 533 satis

276 559 411 597 habuit
452 559 693 606 Zenodotus3
738 560 853 598 immo
896 572 990 598 vero
1033 562 1249 599 sententiae
1289 562 1515 611 propositae
1558 562 1748 600 rationem

274 627 438 665 reddere
471 627 628 665 studuit.
689 627 851 665 Multum
889 628 990 665 enim
1030 627 1148 666 habet
1184 629 1480 678 probabilitatis,
1519 628 1549 667 si
1585 629 1749 679 respicis

273 694 393 732 verba
423 684 531 744 ὅπερ
555 683 665 731 αὐτὸ
698 690 927 745 συστρέφει
959 689 1006 731 ἐν
1026 693 1078 743 τῇ
1097 688 1264 745 πτήσει,
1296 707 1343 733 ex
1372 695 1561 734 Zenodoti
1592 696 1748 746 quidem

274 762 470 800 sententia
499 762 562 799 avi
590 762 640 799 illi
672 775 812 800 nomen
843 753 1004 812 βότρυς
1033 763 1197 801 inditum
1221 774 1319 813 esse,
1349 763 1455 813 quod
1477 764 1617 802 volans
1637 775 1742 813 prae-

274 830 363 867 beat
402 830 572 878 speciem
614 830 724 868 molis
768 830 911 868 densae
955 831 1110 879 qualem
1154 843 1240 869 uva.
1300 831 1482 870 Ceterum
1524 830 1750 880 explicandi

274 896 461 934 rationem
489 896 752 935 Zenodoteam
785 908 870 935 esse
902 898 1148 935 temerariam
1181 900 1220 935 et
1250 909 1477 946 perversam
1509 897 1654 936 addere
1684 898 1750 936 vix

275 975 373 1012 opus
405 967 473 1001 est.
534 965 602 1001 Est
632 967 761 1002 autem
792 964 1014 1013 aptissimus
1046 965 1107 1002 hic
1135 965 1255 1012 locus,
1295 968 1337 1002 ut
1369 969 1630 1014 cognoscatur
1661 978 1749 1004 con-

275 1031 445 1069 iectandi
477 1031 639 1069 audacia
671 1033 709 1069 et
738 1032 884 1081 ingenii
911 1031 1080 1070 habitus.

388 1101 423 1136 3.
462 1099 603 1136 Vocem
627 1090 796 1143 ἕὲαπτος
827 1100 1126 1149 interpretatum
1154 1111 1240 1138 esse
1270 1099 1510 1138 Zenodotum
1543 1112 1681 1149 nempe
1712 1100 1751 1138 in

274 1165 415 1215 glossis
447 1165 562 1204 docet
592 1166 711 1204 schol.
739 1167 787 1204 ad
817 1167 857 1204 ll.
885 1178 911 1203 α
933 1165 1061 1215 567¹),
1093 1167 1157 1205 ubi
1187 1167 1330 1216 legitur
1360 1179 1447 1205 eum
1479 1168 1681 1217 scripsisse
1713 1168 1750 1205 in

274 1232 444 1271 editione
467 1222 706 1280 (ἔάπτουςἜ)
738 1238 776 1272 et
797 1234 1034 1283 explicuisse
1054 1227 1188 1280 „song
1209 1227 1449 1283 Zoxvpmssg‘fi
1509 1234 1641 1285 Atque
1673 1247 1750 1284 quo

274 1300 357 1337 iure
396 1301 495 1338 hanc
525 1302 757 1351 scripturam
797 1303 992 1351 receperit
1028 1302 1066 1339 in
1102 1305 1250 1340 textum
1281 1302 1543 1351 Homericum,
1579 1314 1655 1355 non
1688 1314 1751 1340 cu-

275 1379 404 1405 ramus
436 1380 507 1417 pro
531 1369 694 1406 consilio
727 1371 882 1406 nostrae
910 1368 1202 1418 disputationis3
1234 1367 1302 1407 sed
1335 1369 1550 1418 quaeritur,
1580 1369 1673 1418 quid
1705 1369 1753 1407 sit

275 1434 527 1473 statuendum
558 1435 605 1473 de
637 1437 719 1474 eius
752 1437 1024 1485 explicatione.
1083 1437 1223 1485 Neque
1245 1436 1405 1474 dubium
1429 1448 1512 1474 esse
1536 1436 1625 1474 mihi
1650 1436 1751 1474 vide-

275 1505 349 1551 tur,
391 1504 483 1552 quin
522 1503 748 1543 Zenodot-us
789 1504 930 1543 omisso
972 1504 1081 1543 verbi
1117 1507 1246 1554 etymo
1289 1507 1325 1542 et
1366 1504 1473 1554 locis,
1513 1504 1577 1542 ubi
1617 1517 1751 1543 vocem

274 1562 442 1615 ἅαπτος
473 1572 656 1621 scriptam
689 1572 798 1621 vidit,
829 1572 980 1611 collatis
1017 1571 1338 1621 significationem
1370 1571 1604 1621 statuerit3),
1640 1584 1751 1621 prae-

274 1637 403 1676 sertim
456 1650 542 1676 cum
588 1639 661 1677 hac
706 1640 856 1677 ratione
909 1652 996 1678 eum
1043 1640 1202 1689 saepius
1253 1651 1362 1677 usum
1410 1651 1497 1677 esse
1550 1642 1753 1678 consenta-

275 1718 388 1743 neum
421 1706 517 1753 sit.4)

387 1776 422 1812 4.
466 1774 727 1823 Explanatum
766 1775 885 1813 fuisse
922 1775 1159 1813 vocabulum
1198 1769 1405 1825 ἐπίουρος
1450 1774 1596 1813 scholio
1634 1775 1682 1812 ad
1709 1775 1753 1813 ll·

277 1851 300 1877 v
320 1843 401 1880 450
432 1841 687 1892 intellegitur,
718 1842 781 1880 ubi
814 1842 1002 1881 Zenodoti
1027 1843 1221 1892 scriptura
1243 1841 1413 1880 exhibita
1443 1841 1752 1891 interpretatio-²³)

276 1908 509 1957 annectitur,
540 1921 641 1958 quae
672 1922 719 1947 ex
743 1909 924 1948 editionis
946 1912 1057 1948 textu
1089 1909 1254 1948 conficta
1276 1921 1360 1947 csse
1391 1922 1468 1948 non
1490 1912 1633 1959 potest,
1664 1922 1752 1947 nam

276 1977 472 2025 quomodo
514 1977 812 2026 interpretatum
854 1990 939 2016 esse
973 1977 1216 2016 Zenodotum
1254 1972 1432 2024 βασιλέα
1472 1973 1546 2013 καὶ
1576 1969 1754 2025 φύλακα

275 2045 552 2092 grammaticus
584 2046 811 2094 posterioris
833 2046 971 2084 aetatis
994 2046 1219 2084 coniectura
1249 2048 1455 2083 assecutus
1484 2045 1546 2095 sit,
1576 2057 1648 2094 ego
1670 2044 1753 2095 qui-

276 2111 362 2150 dem
385 2125 463 2151 non
486 2112 612 2151 video.
654 2113 799 2151 Docuit
821 2112 1056 2162 Zenodotus,
1078 2125 1164 2150 cum
1188 2112 1342 2151 litterae
1364 2111 1538 2150 adhibita
1558 2112 1754 2162 scriptura

390 2232 415 2273 ¹)
450 2229 504 2265 Cf.
524 2230 705 2276 Pluygers
731 2241 766 2274 p.
784 2235 821 2275 93
846 2231 1032 2265 Duentzer
1056 2240 1164 2274 pagg.
1184 2233 1234 2264 29.
1258 2233 1315 2272 543
1341 2228 1385 2264 cf.
1408 2230 1458 2263 La
1475 2228 1600 2265 Roche
1622 2241 1656 2275 p.
1673 2233 1754 2274 1753

277 2285 391 2320 Lehrs
416 2297 525 2331 pagg.
548 2290 620 2321 141.
640 2290 720 2330 301;
753 2286 955 2321 Schneider
979 2287 1001 2320 l.
1019 2297 1046 2322 c.
1074 2297 1127 2320 nr.
1146 2289 1220 2321 219.

387 2343 416 2382 2)
441 2341 665 2376 Zenodotum
680 2342 815 2385 legisse
831 2336 999 2382 ιῖἅπτους
1015 2340 1108 2376 falso
1131 2341 1390 2375 iudicaverunt
1408 2341 1537 2386 Heyne
1554 2341 1605 2375 IV
1623 2352 1658 2385 p.
1675 2345 1754 2384 1503

277 2396 445 2441 Spitzner
470 2397 516 2430 ad
541 2398 571 2431 h.
593 2398 631 2440 l.;
661 2397 828 2440 Dindorf,
854 2398 1024 2441 Beitriige
1047 2408 1112 2431 zur
1128 2396 1251 2431 Kritik
1274 2397 1338 2431 des
1357 2396 1575 2441 Aeschylus.
1601 2397 1754 2432 Jahrbb·

277 2452 300 2487 f.
318 2452 408 2486 Phil.
431 2452 642 2487 LXXXVII
668 2464 702 2497 p.
722 2456 773 2488 79.

387 2510 415 2551 3)
453 2506 506 2542 Cf.
544 2508 820 2551 Fricdlaender,
868 2508 1107 2544 Aristonicus
1148 2519 1182 2552 p.
1216 2511 1295 2542 143:
1347 2507 1544 2550 „Zenodoti
1590 2508 1750 2543 rationes

279 2558 444 2605 ἀάπτους
484 2565 678 2599 scribentis
721 2565 1013 2609 explicantisque
1050 2561 1225 2609 ἰσχυροῖς
1267 2564 1375 2608 plane
1411 2564 1654 2608 incompertas
1694 2564 1753 2598 ha-

280 2620 434 2655 bemus.“

392 2678 419 2718 4)
454 2675 508 2710 Cf.
535 2685 628 2719 quae
661 2676 774 2710 altero
800 2677 880 2710 loco
916 2686 943 2710 s.
960 2687 993 2710 v.
1019 2672 1204 2721 βοτρυδόν
1229 2678 1280 2719 (p.
1301 2678 1390 2718 193),
1424 2685 1518 2710 nono
1548 2686 1575 2710 s.
1593 2686 1625 2710 v.
1651 2670 1752 2719 ἴφθι-

278 2743 348 2774 μος
371 2733 423 2775 (p.
446 2733 533 2776 198),
560 2735 689 2775 quarto
716 2742 743 2765 S.
761 2743 795 2766 v.
822 2728 998 2777 ἐπίουρος
1022 2731 1266 2776 exposuimus.

391 2789 420 2827 5)
453 2787 508 2822 Cf.
534 2787 721 2823 Duentzer
746 2788 767 2823 l.
787 2798 815 2822 c.
842 2799 876 2833 p.
894 2790 951 2832 303
976 2788 1158 2834 Pluygers
1183 2797 1216 2831 p.
1235 2790 1264 2822 9.
