1830 3201
304 189 383 225 138

303 297 547 346 significetur
578 309 688 346 opus,
724 297 829 346 quod
860 296 1071 352 scholiasta
1107 296 1155 333 ad
1187 296 1231 333 Il.
1258 302 1282 333 σ
1311 298 1389 335 356
1427 297 1642 335 nominavit
1678 293 1779 346 περὶ

301 363 378 415 τῆς
403 357 618 415 Ὀμήρου
649 361 894 415 συνηθείας.
956 363 1071 410 Quod
1103 375 1189 401 cum
1218 364 1443 413 Hesychius
1474 365 1694 403 attribuerit
1714 366 1779 402 Ze-

301 433 445 471 nodoto
478 432 757 477 Alexandrino,
795 433 834 469 in
866 432 1025 470 scholiis
1057 432 1277 470 Homericis
1309 432 1355 470 de
1388 431 1543 470 nomine
1580 445 1658 470 non
1689 445 1779 471 con-

300 504 388 549 stat,
418 501 485 538 ubi
516 503 555 538 et
576 501 798 539 Zenodotus
825 503 862 538 et
884 499 1112 537 Zenodorus
1142 500 1315 537 affertur.
1374 500 1424 537 Et
1454 502 1589 538 nostra
1620 499 1778 549 quidem

301 571 442 617 aetate,
472 580 519 607 ex
551 581 628 618 quo
660 567 864 614 Wolfius¹)
896 568 998 605 hanc
1029 580 1110 605 rem
1140 567 1179 605 in
1210 567 1475 616 quaestionem
1508 568 1676 617 vocavit,
1708 567 1779 605 viri

302 637 406 674 docti
435 637 473 674 in
505 636 682 674 diversas
712 636 894 674 abierunt
925 638 1058 685 partes
1093 639 1160 673 aut
1191 638 1463 684 expungentes
1493 636 1684 674 Zenodori
1714 648 1780 674 no·

301 716 387 742 men
418 708 486 742 aut
517 703 787 742 defendentes.
849 705 928 742 Iam
961 703 998 740 id
1030 702 1145 741 facile
1178 703 1371 741 concedes
1410 704 1532 741 multo
1566 715 1651 741 esse
1683 704 1779 741 veri-

301 772 463 810 similius
501 771 693 809 Zenodori
726 783 866 809 nomen
899 773 1088 808 mutatum
1121 782 1206 808 esse
1237 771 1274 808 in
1305 770 1493 808 Zenodoti
1526 771 1782 820 notissimum,

300 852 416 888 quam
447 839 635 877 Zenodoti
665 851 805 877 nomen
838 840 876 876 in
906 837 1145 883 Zenodori.‘-')
1206 839 1345 887 Neque
1367 837 1522 876 difficile
1545 840 1604 875 est
1634 837 1683 876 ad
1716 838 1781 876 de·

302 907 598 945 monstrandum
637 906 723 944 aliis
755 918 912 956 quoque
945 907 1075 944 causis
1112 905 1375 944 commendari
1413 905 1691 955 coniecturam,
1726 918 1782 944 re-

300 975 502 1013 tinendum
535 986 618 1012 esse
657 987 798 1012 nomen
831 974 1024 1012 Zenodori
1061 974 1107 1011 iis
1139 974 1246 1023 locis,
1284 985 1383 1022 quos
1421 973 1534 1011 modo
1570 974 1782 1012 attulimus.

300 1044 400 1081 Nam
432 1043 722 1092 neglegendum
757 1055 831 1080 non
865 1045 923 1080 est
956 1043 993 1079 111
1026 1042 1162 1079 6011166
1194 1042 1464 1090 antiquissimo
1492 1042 1523 1079 B
1554 1044 1782 1080 constanter

300 1111 450 1149 servari
481 1110 675 1148 Zenodori
699 1122 851 1155 nomen,
884 1110 945 1147 cui
976 1110 1014 1147 in
1038 1110 1146 1147 libris
1168 1121 1284 1147 manu
1307 1109 1462 1159 scriptis
1494 1110 1632 1164 aetatis
1653 1112 1780 1159 poste-

300 1179 415 1216 rioris
450 1178 642 1216 Zenodori
683 1190 823 1215 nomen
866 1177 1127 1215 substituitur.
1188 1177 1351 1215 Accedit
1389 1177 1493 1226 quod
1531 1164 1572 1214 in*
1606 1177 1781 1215 scliol.A

299 1246 348 1283 ad
382 1247 423 1284 Il.
452 1255 475 1283 σ
505 1249 573 1291 22;
614 1247 649 1283 Η
680 1246 729 1284 ad
761 1245 832 1284 Od.
862 1257 888 1281 κ
913 1248 1007 1290 124;
1049 1245 1154 1295 apud
1186 1245 1315 1295 Apoll.
1344 1245 1460 1294 Soph.
1492 1257 1521 1283 s.
1547 1258 1583 1283 v.
1610 1243 1782 1294 ζῶστρα

300 1315 491 1352 Ζ61101101·1
524 1327 663 1352 nomen
702 1313 904 1363 repetitur.
964 1314 1146 1362 Denique
1183 1313 1220 1350 in
1253 1313 1384 1351 codice
1416 1313 1547 1351 Athoo
1585 1314 1782 1351 invenitur

300 1380 509 1431 libellus3)‚
553 1382 614 1419 cui
654 1382 922 1430 praescriptus
960 1384 1019 1418 est
1058 1380 1196 1418 titulus
1234 1373 1504 1433 Ζηνοδώρου
1546 1377 1640 1417 τῶν
1681 1377 1781 1430 περὶ

299 1445 537 1500 συνηθείας
574 1441 772 1499 ἕπιτομή.
842 1449 952 1495 Quae
990 1460 1075 1486 cum
1115 1449 1168 1486 ita
1205 1449 1292 1497 sint,
1331 1448 1426 1486 illud
1468 1460 1537 1496 pro
1576 1449 1781 1497 explorato

300 1518 489 1556 habemus
526 1517 666 1555 librum
700 1517 748 1555 de
779 1516 1063 1555 consuetudine
1095 1517 1303 1554 Homerica
1339 1517 1594 1565 compositum
1635 1516 1683 1554 ad
1714 1517 1781 1554 Ze-

300 1585 493 1624 nodorum
525 1585 722 1635 quendam
759 1585 900 1630 redire,
939 1587 980 1622 ut
1012 1584 1266 1633 Hesychium‚
1305 1584 1368 1633 qui
1403 1583 1497 1621 illud
1531 1596 1629 1634 opus
1660 1585 1780 1622 Zeno-

298 1653 390 1691 doto
423 1653 690 1691 Alexandrino
725 1652 869 1701 tribuit,
900 1664 1052 1690 errasse
1083 1652 1132 1689 sit
1162 1649 1460 1697 statuendum.4)

415 1732 493 1768 Iam
516 1731 704 1780 sequitur,
737 1734 779 1768 ut
799 1729 1007 1769 Schraderi
1031 1727 1305 1774 sententiamf’)
1335 1728 1573 1778 refellamus,
1604 1729 1670 1778 qui
1703 1741 1781 1767 non

301 1799 423 1837 solum
468 1798 830 1836 commentationem
876 1793 977 1846 περὶ
1023 1795 1100 1846 τῆς
1138 1785 1364 1846 Ὁμηρικῆς
1405 1792 1664 1847 συνηθείας,
1711 1796 1780 1834 3611

301 1868 413 1904 etiam
456 1867 574 1904 libros
619 1857 731 1914 πρὸς
772 1857 995 1902 Πλάτωνα
1035 1860 1136 1914 περὶ
1178 1860 1314 1909 θεῶν,
1361 1856 1503 1907 λύσεις
1541 1852 1782 1914 Ὁμηρικῶν

300 1924 614 1985 (ἔπορημάτων,
646 1928 705 1978 εἰς
734 1926 815 1983 τὴν
843 1921 1043 1969 Ἡσιόδου
1074 1927 1314 1981 θεογονίαν
1345 1930 1550 1968 Zenodoro
1582 1930 1781 1968 vindican-

414 2075 440 2118 1)
474 2073 643 2117 Prolegg.
668 2073 714 2107 ad
740 2073 843 2107 Hom.
869 2083 904 2116 p.
925 2076 986 2107 199
1012 2072 1164 2106 11111166.

412 2131 441 2175 2)
472 2129 550 2164 Hoc
574 2133 829 2174 argumentum
856 2129 992 2172 primus
1016 2128 1170 2172 protulit
1186 2127 1374 2161 Duentzer
1398 2136 1433 2169 p.
1452 2129 1505 2169 26,
1529 2126 1588 2160 cui
1613 2126 1781 2171 adstipu-

299 2188 391 2222 latur
417 2187 596 2222 Schrader
620 2198 655 2230 p.
674 2189 749 2221 429.

413 2245 442 2285 ³)
474 2243 528 2278 Cf.
554 2243 683 2284 Miller,
712 2241 897 2286 Melanges
923 2241 968 2275 de
994 2241 1062 2275 litt.
1082 2240 1259 2284 Grecque,
1289 2239 1391 2273 Paris
1413 2241 1507 2282 1868,
1538 2249 1572 2282 p.
1591 2241 1780 2272 407—412.

298 2301 354 2334 De
379 2300 597 2334 auctoritate
623 2299 731 2333 huius
757 2298 838 2332 libri
864 2298 974 2342 paulo
1000 2295 1095 2331 infra
1119 2296 1293 2331 dicemus.

410 2358 439 2397 4)
470 2355 694 2390 Zenodorum
720 2354 979 2388 intellexerunt
1004 2352 1108 2387 Wolf
1128 2363 1160 2396 p.
1184 2355 1260 2395 1973
1295 2351 1483 2385 Duentzer
1507 2362 1541 2395 p.
1561 2353 1621 2395 253
1656 2350 1780 2385 Schra—

298 2413 361 2447 der
386 2423 420 2455 p.
446 2415 529 2455 4293
563 2414 615 2446 La
640 2411 765 2445 Roche
789 2411 811 2445 l.
835 2411 856 2444 l.
881 2422 916 2454 p.
939 2413 1016 2452 1193
1049 2408 1173 2452 Lehrs,
1202 2408 1257 2442 De
1281 2406 1492 2441 Aristarchi
1519 2406 1652 2441 studiis
1676 2407 1779 2440 Hom.

298 2479 333 2511 p.
355 2470 434 2510 1993
460 2466 598 2510 Nauck,
622 2466 702 2501 Mel.
721 2465 959 2500 Greco-Rom.
978 2465 1031 2499 111
1049 2476 1082 2508 p.
1100 2467 1173 2498 164.
1214 2464 1285 2497 Pro
1310 2462 1496 2497 Zenodoto
1520 2465 1780 2506 pugnaverunt

297 2524 425 2568 Heyne
449 2523 471 2557 l.
491 2524 514 2556 l.
540 2522 611 2555 VII
636 2533 670 2565 p.
688 2526 763 2556 430.
790 2525 852 2556 485
869 2532 967 2565 sqq.;
992 2519 1161 2555 Muetzell
1187 2530 1221 2563 p.
1241 2521 1324 2561 2823
1350 2518 1472 2553 Osann
1499 2529 1533 2562 p.
1551 2521 1590 2562 33
1616 2517 1780 2552 Schmidt

297 2590 331 2623 p.
350 2582 425 2613 253.
474 2579 564 2613 Rem
589 2578 625 2611 in
651 2578 770 2612 medio
803 2576 1078 2621 relinquendam
1104 2584 1184 2610 csse
1217 2574 1361 2609 censuit
1386 2574 1506 2617 Meier‚
1532 2574 1677 2615 Quaest.
1702 2572 1778 2607 An-

297 2635 376 2669 doc.
402 2638 460 2677 (=
478 2634 572 2678 Opp.
590 2634 693 2668 acad.
715 2633 751 2666 II
776 2644 810 2677 p.
830 2637 865 2667 51
885 2634 993 2677 sqq.).

408 2691 437 2732 ⁵)
470 2689 636 2734 Leopold
655 2689 767 2732 Cohn,
794 2689 941 2730 Quaest.
959 2690 1075 2730 Eust.,
1100 2687 1197 2721 Diss.
1219 2685 1366 2720 Vratisl.
1387 2688 1482 2728 1878,
1507 2696 1542 2729 p.
1561 2687 1579 2719 8
1601 2684 1695 2727 adn„
1721 2694 1782 2719 us-

295 2757 366 2791 que
399 2755 441 2781 eo
473 2745 667 2791 processit,
700 2748 741 2779 ut
773 2745 929 2779 diceret:
967 2744 1033 2784 „ad
1065 2742 1293 2777 Zenodorum
1325 2740 1518 2777 referenda
1550 2744 1650 2784 sunt,
1684 2750 1777 2784 quae
1827 2759 1830 2786 2

292 2802 423 2838 Suidas
450 2812 476 2838 s.
495 2811 530 2836 v.
550 2797 759 2846 Ζηνόδοτος
787 2795 1044 2845 Ἀλεξανδρεύς
1071 2796 1257 2833 tradidit“.
1829 2802 1830 2810 ¹
