1815 3231
1455 200 1533 231 qast,

1457 224 1517 234 ...ωε

58 313 138 340 mas
170 303 294 351 egerit
326 306 468 352 partes,
506 303 589 341 sino
621 304 738 343 dubio
771 306 988 355 Didymcus
1019 311 1102 345 crat
1138 308 1220 345 sive
1252 308 1404 357 integer
1441 308 1537 357 sivc,

57 370 94 407 id
127 369 232 418 quod
262 369 608 419 Schauenburgius
640 372 864 422 putavit1‘2),
894 374 942 411 ab
965 374 1038 411 alio
1061 375 1098 411 in
1121 375 1277 413 brevius
1299 378 1536 424 contractus,

58 437 227 487 fabulas,
267 449 366 488 quas
402 438 472 476 sibi
511 443 802 488 proposuerant
838 442 1173 492 interpretandas,
1215 443 1431 492 explicasse
1475 443 1535 480 hic

57 504 134 542 illic
166 516 238 542 sua
268 505 496 554 adicientes,
528 506 670 545 deinde
703 508 774 544 iam
804 513 895 545 ante
923 508 1125 555 Suidae¹7)
1147 513 1312 548 aetatem
1345 511 1381 547 in
1416 523 1533 548 urium

58 584 203 621 corpus
236 585 256 610 e
288 572 455 610 diversis
487 573 546 611 his
578 575 865 624 exemplaribus
898 576 1046 614 scholia
1079 581 1267 625 congesta
1299 589 1395 625 esse,
1433 577 1535 615 unde

59 638 230 688 denique
262 651 347 677 cum
381 652 451 689 per
472 640 568 678 alios
591 641 745 678 codices
776 642 1077 691 pei-migrassent
1109 648 1146 681 et
1167 644 1305 682 Suidas
1337 647 1375 682 et
1402 656 1534 682 eorum

58 705 248 752 codicum,
271 707 414 756 quibus
437 720 507 746 nos
528 708 675 746 scholia
698 709 885 747 habemus
906 709 1118 760 adscripta,
1140 712 1284 749 librarii
1310 712 1537 760 hauserunt,

57 787 143 813 cum
181 775 470 813 recentioribus
507 776 706 814 codicibus
737 778 1045 826 Byzantinorum
1083 791 1240 828 quoque
1272 780 1441 829 ineptiae
1477 792 1537 817 ac—

58 842 313 889 cessei-inm)

679 1105 855 1157 caput
884 1106 923 1148 I.

171 1203 247 1243 Sed
287 1204 358 1242 etsi
391 1204 549 1242 umbrae
583 1205 706 1242 solum
741 1209 915 1243 veterum
948 1208 1326 1257 commentariorum,
1364 1211 1427 1258 qui
1461 1223 1539 1248 ccr-

58 1273 168 1310 tatim
212 1273 248 1309 in
291 1271 450 1309 brevius
490 1272 840 1322 contrahebantur,
884 1272 933 1310 ad
976 1278 1145 1312 nostram
1188 1277 1409 1314 memoriam
1454 1291 1537 1326 pcr-

59 1344 274 1388 venerunt,
312 1340 478 1388 vestigia
515 1342 644 1378 tamen
683 1341 898 1389 priscorum
937 1343 1277 1390 grammaticorum
1320 1345 1382 1381 vcl
1420 1345 1456 1381 in
1495 1346 1539 1382 iis

59 1408 227 1453 scholiis,
259 1406 401 1456 quibus
432 1419 504 1445 nos
538 1408 692 1453 utimur,
724 1411 880 1445 servata
912 1414 1014 1457 sunt,
1045 1409 1145 1447 inter
1173 1423 1270 1458 quos
1303 1411 1338 1447 in
1363 1412 1406 1448 iis
1428 1413 1537 1449 scho-

59 1477 136 1522 liis,
185 1487 284 1525 quae
326 1478 499 1513 tractare
540 1476 784 1524 propositum
827 1476 916 1512 mihi
958 1483 1032 1526 cst,
1079 1490 1165 1515 cum
1208 1478 1397 1526 Didymus
1440 1492 1539 1517 unus

60 1545 233 1583 omnium
266 1543 383 1580 valde
416 1543 597 1588 excellat,
630 1543 678 1580 de
702 1543 776 1580 hoc
808 1543 941 1592 paullo
965 1546 1186 1582 accuratius
1218 1558 1420 1594 quaeram,
1454 1559 1538 1583 nam

60 1615 209 1662 quanto
242 1611 413 1649 firmiore
446 1611 583 1649 nitaris
615 1610 881 1659 fundamento,
913 1624 998 1649 cum
1032 1612 1078 1649 de
1112 1625 1238 1650 rerum
1272 1618 1471 1661 gestarum
1504 1615 1541 1652 in

60 1680 218 1718 scholiis
262 1679 528 1727 expositarum
570 1678 744 1716 fontibus
786 1684 946 1716 acturus
986 1680 1101 1729 scies,
1139 1682 1203 1729 qui
1246 1685 1426 1720 auctores
1466 1683 1542 1720 sint

60 1748 199 1786 horum
233 1747 486 1795 scholiorum,
521 1758 592 1795 per
623 1758 665 1784 se
696 1749 872 1795 apparet.

175 1815 346 1852 Primum
379 1813 535 1863 quidem
569 1826 591 1851 a
614 1814 812 1851 veteribus
835 1815 1096 1862 grammaticis
1118 1815 1395 1853 Alexandrinis
1427 1816 1543 1865 plane

61 1884 213 1921 alienus
251 1881 410 1919 videtur
450 1881 570 1919 fuisse
611 1882 643 1918 is
683 1894 782 1923 mos,
824 1887 866 1919 ut
908 1882 1106 1931 uberibus,
1145 1895 1263 1931 saepe
1305 1884 1544 1933 loquacibus,

62 1951 194 1988 verbis
246 1961 308 1987 res
354 1949 559 1986 historicas
611 1949 872 1997 explicarent,
924 1961 1000 1986 non
1053 1950 1294 1987 reconditam
1347 1951 1542 1999 quandam

63 2018 280 2056 doctrinam
319 2017 590 2066 exquirentes:
633 2017 934 2065 exspectabant,
972 2020 1012 2053 ut
1052 2019 1319 2066 unusquisque
1356 2018 1541 2056 lectorum

63 2092 102 2125 et
132 2085 411 2134 discipulorum
444 2084 574 2130 sciret,
609 2096 709 2133 quae
743 2084 845 2122 bello
879 2085 1050 2132 Persico,
1081 2085 1180 2122 bello
1213 2086 1543 2135 Peloponnesiaco

63 2158 174 2203 gesta
211 2157 352 2191 essent.
419 2151 534 2199 Quod
573 2164 619 2189 ex
661 2151 818 2189 scholiis
860 2152 952 2200 ipsis
992 2156 1110 2200 patet.
1178 2153 1228 2190 Ut
1264 2153 1362 2190 euim
1396 2154 1545 2192 Aristo—

63 2222 214 2271 phanes
246 2226 284 2258 et
314 2219 570 2258 Aristarchus
611 2220 735 2257 textui
766 2220 976 2268 praecipue
1009 2219 1196 2269 sanando,
1230 2221 1359 2258 verbis
1391 2234 1544 2270 compo-

64 2290 146 2327 sitis
178 2288 272 2327 mire
306 2284 482 2326 formatis
514 2287 772 2337 exponendis,
811 2287 928 2324 rebus
961 2286 1009 2323 ad
1041 2299 1195 2324 scenam
1229 2291 1296 2324 aut
1327 2288 1544 2326 litterarum

65 2357 264 2395 historiam
315 2355 601 2405 pertinentibus
655 2353 896 2403 explicandis
953 2366 1109 2402 operam
1164 2359 1429 2404 navaverunt,
1484 2368 1545 2393 res

65 2428 198 2474 gestas
238 2424 328 2473 nisi,
371 2423 420 2461 ad
459 2426 600 2472 poetae
640 2421 758 2460 verba
801 2421 1067 2470 intellegenda
1112 2422 1245 2471 utique
1288 2424 1547 2472 necessariae,

180 2533 222 2574 16)
256 2531 278 2565 l.
296 2541 324 2564 a.
352 2540 460 2574 pagg.
479 2533 519 2563 23
536 2539 614 2573 sqq.

181 2591 222 2629 17)
256 2587 325 2629 Qui
352 2598 432 2621 eum
452 2597 561 2631 saepe
580 2587 685 2630 plura
704 2585 841 2619 scholia
866 2585 911 2618 ad
930 2595 1041 2618 unum
1060 2585 1187 2618 lemma
1205 2585 1393 2628 adscripta
1409 2585 1547 2629 afferat,

67 2657 177 2691 saepe
203 2655 245 2680 ea
276 2656 343 2679 suo
368 2644 518 2679 arbitrio
551 2642 837 2684 commutaverit,
870 2642 925 2675 hic
950 2642 1023 2675 illic
1055 2641 1219 2676 uberiora
1249 2642 1406 2683 exhibet,
1438 2642 1546 2675 immo

68 2705 175 2739 etiam
203 2701 288 2736 talia
319 2702 438 2744 qualia
470 2701 506 2734 in
543 2701 762 2735 scholiorum
792 2698 981 2732 codicibus
1014 2698 1159 2731 omnino
1188 2708 1259 2731 non
1295 2698 1474 2741 leguntur,
1508 2704 1546 2731 ut

69 2772 96 2794 s.
117 2770 149 2793 v.
172 2753 501 2801 ’ὑπερακοντίζεις
531 2756 577 2790 cf.
604 2756 714 2789 schol.
735 2753 804 2789 AV.
825 2757 897 2788 3635.

185 2816 227 2858 ¹³)
258 2813 313 2847 Dc
339 2817 415 2848 tota
441 2813 505 2848 hac
532 2823 569 2847 rc
595 2811 641 2847 cf.
666 2811 845 2845 Zacherus
871 2810 892 2844 l.
911 2819 940 2843 a.
966 2819 1074 2853 pagg.
1096 2812 1157 2842 73⁴5
1173 2818 1250 2851 sqq.
