1815 3231
1458 181 1535 217 261

59 292 154 339 puto
186 290 435 329 scribendum
470 300 571 329 csse:
618 282 728 328 εἶτα
765 287 837 328 καὶ
870 285 948 328 τὸν
975 284 1146 342 Ἴακχον
1177 286 1412 342 ἐχόρευσαν
1443 293 1480 341 (i.
1508 306 1539 331 c.

57 358 192 397 Nubes
214 359 254 396 B.
278 359 398 397 choro
421 358 639 405 celebrant)
671 353 798 409 ,πρὸς
825 358 1014 409 (praeter)
1041 365 1135 405 ταῖς
1157 361 1293 406 θεαῖς.
1354 361 1539 411 Sequitur

57 425 232 463 miraculi
264 426 365 464 illius
396 429 485 464 antc
517 438 688 476 pugnam
722 426 970 465 Salaminiam
1005 427 1095 466 facti
1128 430 1312 477 narratio,
1348 441 1463 478 quam
1497 433 1539 467 ut

57 504 105 531 ex
135 493 327 532 Herodoti
358 495 462 540 VIII,
492 497 542 533 65
576 494 754 532 haustam
789 507 873 533 esse
911 495 1140 534 scholiastes
1178 497 1261 546 ipse
1291 497 1447 542 indicat,
1485 497 1540 535 ita

55 573 134 599 non
165 562 301 610 paucis
330 563 451 599 rebus
483 562 529 599 ab
553 563 625 600 hac
648 564 870 601 narratione
898 563 1055 601 differre
1077 564 1269 614 videmus,
1300 577 1537 615 quamquam

56 640 114 678 ea,
145 641 246 678 quae
278 629 435 667 diversa
465 633 569 679 sunt,
600 630 833 668 scholiastae
865 632 946 669 sive
968 633 1091 669 veteri
1113 634 1367 680 grammatico
1396 634 1537 672 deben-

54 698 130 743 tur,
168 709 245 735 non
277 700 463 734 accurate
503 710 604 746 quae
643 698 793 746 legerat-
828 699 866 735 in
905 699 1090 737 memoria
1129 701 1288 738 tenenti.
1349 702 1399 739 Ut
1436 702 1537 739 enim

54 764 161 814 apud
193 764 421 803 historicum
461 765 587 814 pridie
626 771 717 804 ante
755 779 927 815 pugnam
966 779 1028 804 res
1065 769 1207 816 evenit,
1246 769 1299 805 ita
1336 781 1463 818 neque
1499 770 1537 807 in

56 835 271 881 conspectu
295 833 550 881 exercituum,
580 836 623 870 ut
644 833 748 882 apud
772 834 1019 872 scholiastam
1051 829 1324 884 (μελλόντων
1346 829 1426 886 γὰρ
1450 835 1539 873 λοι-

53 893 181 946 πὸνθ)
212 898 307 937 τῶν
335 890 563 950 Ἑλλήνιον
593 897 666 937 καὶ
697 899 788 938 τῶν
819 893 1057 951 ι’)ἀρβάρων
1089 898 1148 947 εἰς
1173 907 1319 953 χεῖρα,1
1349 894 1469 953 ἥξειν
1501 908 1539 943 et

54 961 168 1018 πάσῃ
205 966 258 1018 τῇ
296 966 476 1021 στρατιᾷ
506 962 760 1020 κατάδηλον
795 965 1016 1019 γενέσθαι)
1056 971 1281 1009 miraculum
1320 974 1463 1022 evenit,
1499 976 1537 1010 et

54 1037 128 1074 iam
160 1037 386 1086 priusquam
419 1037 456 1074 in
490 1037 632 1075 nubem
671 1038 974 1076 contraheretur
1010 1039 1152 1087 pulvis,
1188 1052 1264 1077 vox
1297 1040 1432 1078 audita
1463 1045 1538 1089 est3

54 1108 93 1142 et
123 1105 281 1143 omnino
313 1105 515 1143 consilium
548 1106 667 1143 totius
690 1105 927 1144 narrationis
958 1107 1128 1155 paullum
1153 1110 1338 1145 mutatum
1363 1111 1436 1157 est3
1467 1108 1535 1146 sed

54 1172 305 1211 nihilominus
337 1173 385 1210 ab
408 1173 612 1211 Herodoto
644 1177 767 1211 ortam
790 1185 875 1211 esse
907 1174 1109 1212 scientiam
1142 1177 1179 1212 et
1200 1176 1282 1224 ipse
1306 1176 1537 1214 scholiastes

53 1240 201 1278 indicat
236 1243 274 1278 et
311 1241 565 1278 similitudIne
598 1241 768 1290 quadam
800 1242 1008 1279 verborum
1042 1242 1242 1292 probatur,
1283 1248 1325 1281 ut
1361 1255 1536 1294 κονιορ-

51 1301 132 1345 τὸν
164 1297 252 1346 ἀπὸ
284 1305 359 1359 τῆς
380 1298 622 1351 Ἐλευσῖνος
654 1302 908 1359 αἰρόμενονζ
941 1309 989 1347 cf.
1019 1310 1163 1348 Herod.
1195 1304 1433 1361 κονιορτὸν
1451 1323 1536 1360 χο)-

53 1371 212 1425 ρέοντα
235 1365 323 1414 ἀπὸ
345 1366 599 1425 Ἐλευσῖνος;
629 1368 838 1426 μυστικὸς
861 1365 883 1414 ὁ
907 1370 1054 1427 λόγος
1087 1378 1133 1416 cf.
1155 1379 1300 1417 Herod.
1330 1372 1412 1429 τὴν
1444 1392 1535 1428 (feo-

52 1437 136 1494 νήν
166 1436 277 1481 εἶναι
307 1437 387 1481 τὸν
417 1435 635 1494 μυστικὸν
663 1440 864 1494 ἴακχον.9)

165 1510 206 1558 4)
250 1512 377 1551 Schol.
406 1513 511 1550 Nub.
543 1515 635 1560 397,
680 1525 847 1562 quorum
888 1513 1054 1551 alterum
1095 1514 1118 1551 l.
1145 1517 1196 1552 41
1213 1526 1296 1563 sqq.
1339 1516 1534 1553 recentius

52 1592 139 1617 esse
170 1592 215 1618 eo
246 1579 450 1629 probatur,
481 1580 587 1630 quod
610 1581 720 1618 abest
751 1584 789 1618 et
819 1593 842 1617 a
863 1581 931 1618 RV
964 1586 1002 1619 et
1030 1594 1052 1618 a
1073 1580 1244 1627 Suidass')
1275 1594 1302 1620 s.
1325 1595 1359 1620 v.
1387 1580 1534 1629 βεκκε-

52 1643 220 1698 σέληνε.
280 1648 357 1686 Res
379 1648 473 1696 ipsa,
505 1660 606 1697 quae
638 1649 761 1697 magiS
789 1649 962 1697 genuine
993 1653 1176 1687 narratur
1206 1650 1244 1687 in
1267 1653 1401 1688 vetere
1422 1651 1534 1688 scho-

52 1715 103 1754 lio
125 1715 143 1752 Ι
175 1714 260 1753 cod.
284 1716 328 1765 V,
359 1716 397 1754 in
429 1717 553 1754 altero
586 1715 806 1754 recentiore
839 1717 912 1754 iam
941 1717 1148 1765 Byzantini
1171 1717 1372 1756 cuiusdam
1405 1719 1535 1767 prodit

50 1784 248 1832 ingenium
280 1795 352 1822 suo
382 1784 545 1822 arbitrio
577 1784 768 1822 nonnulla
800 1784 996 1834 mutantis,
1031 1797 1094 1823 res
1125 1786 1220 1834 ipsa,
1258 1785 1359 1835 dico,
1394 1786 1536 1825 hausta

52 1855 111 1889 est
146 1863 193 1889 ex
229 1851 421 1890 Herodoti
450 1853 499 1901 ΙΙ,
527 1855 563 1900 2,
600 1864 767 1901 quaeum
807 1853 1032 1890 narratione
1070 1853 1133 1890 hic
1170 1854 1249 1890 illic
1285 1853 1334 1891 ad
1372 1854 1531 1892 verbum

52 1920 237 1969 congruit
268 1920 472 1968 scholIum‚
510 1923 553 1958 ut
584 1920 705 1958 schol.
736 1920 756 1957 l.
786 1922 835 1958 21
854 1932 953 1969 sqq.:
998 1913 1272 1971 Ψιιμ,ιιὴτιχος
1303 1914 1533 1970 Αἰγύπτου

49 1979 305 2033 βασιλεύσας
345 1977 566 2037 ἠθέλησεν
603 1982 847 2037 ἐπιγνῶναι
888 1984 1010 2032 τίνας
1050 1980 1235 2024 πάντων
1273 1977 1534 2038 ἀνθρώπων

50 2048 346 2104 πρεσβύτατοι
383 2051 456 2091 καὶ
486 2052 658 2105 πρῶτοι
691 2051 914 2104 γένοιντο·
955 2045 1014 2100 (ὃς
1046 2051 1092 2092 δὲ
1126 2049 1271 2092 πάντα
1302 2055 1531 2104 πολυπρα-

50 2120 230 2171 γμονῶν
262 2114 342 2172 οὐχ
372 2114 464 2167 οἶός
494 2134 540 2160 τε
570 2109 624 2173 ἦν
656 2112 856 2172 ἀνευρεῖν
886 2115 938 2159 τὸ
966 2113 1140 2172 ἀκριβὲς
1172 2117 1242 2160 διὰ
1263 2116 1313 2160 τὸ
1334 2118 1533 2168 πολλοὺς

163 2244 190 2283 8)
229 2242 400 2277 Ceterum
432 2242 617 2277 mentione
650 2242 802 2286 dignum
836 2246 892 2276 est
923 2241 990 2276 hoc
1020 2235 1154 2275 λοιπόν
1178 2257 1222 2271 z
1246 2238 1329 2286 ἤδη,
1362 2243 1460 2286 quod
1494 2248 1534 2277 ut

51 2298 199 2342 saepius
224 2307 244 2331 a
270 2298 349 2332 solo
373 2299 529 2343 Polybio
554 2304 766 2343 usurpatur,
798 2298 850 2332 ita
882 2298 917 2332 in
943 2298 1090 2332 scholiis
1121 2302 1175 2332 ter
1209 2299 1354 2341 legitur,
1388 2303 1531 2343 praeter

50 2353 147 2389 hune
170 2355 288 2389 locum
312 2355 351 2388 in
375 2354 488 2389 schol.
505 2355 687 2400 Didymeo
713 2354 837 2398 Equit.
855 2358 918 2388 814
944 2355 965 2388 l.
984 2357 1025 2388 24
1051 2359 1087 2389 et
1111 2355 1193 2390 Pac.
1213 2358 1276 2388 4:35
1303 2356 1324 2389 l.
1343 2358 1396 2389 47.

163 2413 191 2453 9)
226 2411 395 2446 Ceterum
421 2412 520 2456 quod
545 2412 581 2445 in
608 2411 745 2446 scholio
772 2412 905 2455 legitur
929 2408 1150 2455 Δήμητραν,
1182 2412 1361 2446 eiusmodi
1386 2422 1533 2446 accusa-

49 2467 128 2512 tivi,
153 2467 289 2510 quibus
313 2467 408 2502 adde
434 2472 629 2512 γυναῖκαν,
655 2464 885 2512 θυγατέροιν,
911 2467 1038 2510 quales
1063 2469 1099 2501 in
1117 2468 1235 2501 titulis
1262 2469 1433 2511 leguntur
1457 2469 1529 2512 pri-

50 2535 145 2559 mum
171 2525 211 2560 C.
229 2525 255 2559 Ι.
273 2526 333 2560 Gr.
353 2528 438 2560 2088
465 2527 502 2559 in
528 2526 769 2570 inscriptione
795 2525 952 2558 'I'raiano
979 2535 1052 2558 non
1076 2525 1290 2569 vetustiore,
1316 2526 1430 2559 altero
1456 2525 1531 2560 fere

49 2586 85 2616 et
113 2586 273 2616 exeunte
298 2582 413 2625 primo
446 2593 481 2626 p.
509 2582 593 2617 Chr.
618 2593 652 2615 n.
684 2581 830 2615 saeculo
863 2580 900 2614 in
931 2591 1037 2615 usum
1070 2586 1326 2625 pervenerunt.
1381 2582 1453 2616 Sed
1485 2582 1531 2616 ad

50 2638 314 2672 enucleandum
341 2637 470 2673 scholii
489 2642 633 2683 tempus
660 2638 747 2672 haee
764 2647 822 2672 res
847 2637 936 2670 nihil
959 2637 1075 2680 affert,
1100 2638 1185 2681 qnia
1209 2647 1230 2671 a
1247 2638 1405 2672 librariis
1423 2648 1530 2672 verae

50 2697 87 2727 et
111 2694 294 2737 genuinae
318 2694 455 2729 formae
480 2704 658 2739 persaepe
684 2697 844 2727 mutatae
869 2697 972 2733 sunt3
1002 2693 1047 2728 cf.
1072 2693 1264 2737 inscriptio
1291 2694 1409 2738 hymn.
1428 2695 1529 2728 Hom.

49 2750 87 2784 in.
113 2750 280 2785 Cererem
298 2750 331 2784 V
349 2754 386 2785 et
402 2751 486 2794 XII,
511 2749 721 2785 Callimachi
746 2750 782 2783 in
807 2749 958 2783 eandem
979 2749 1041 2783 VI.

163 2809 207 2850 ¹⁰)
240 2805 297 2842 Cf.
321 2806 503 2842 Zacherus
527 2807 549 2842 l.
568 2817 598 2842 a.
624 2819 658 2851 p.
677 2809 741 2840 650
756 2816 834 2850 sqq.
861 2808 935 2840 692.
