1830 3201
297 197 376 232 376

296 308 441 351 rentur,
481 317 581 352 quac
622 305 749 340 omnia
791 316 926 351 parum
972 308 1077 341 recte
1116 304 1285 342 Charino
1327 305 1472 342 tribuit.
1543 304 1618 342 Sed
1658 305 1773 342 Holz-

295 372 470 421 apfclius,
501 371 522 407 l.
552 384 584 408 a.
616 384 651 420 p.
684 373 747 409 69.
772 373 824 409 70
860 374 897 408 et
922 374 1110 420 177sqq.,
1149 372 1304 409 omnino
1344 372 1501 419 negavit
1538 372 1635 410 duas
1673 373 1774 409 latas

294 451 377 477 esse
411 434 526 487 leges,
559 438 627 476 sed
660 439 818 477 Charini
850 439 1072 488 psephisma
1104 439 1202 476 idem
1238 451 1323 477 esse
1355 452 1399 477 ac
1430 440 1602 488 Periclis,
1639 439 1774 477 inven-

293 510 371 544 tum
405 509 532 543 antem
566 507 731 544 alterum
764 519 860 555 esse,
892 510 1101 555 propterea
1130 507 1234 556 quod
1257 520 1395 545 revera
1418 508 1526 546 binas
1549 508 1773 546 invasiones

294 574 503 623 quotannis
535 574 658 612 factas
690 586 774 612 esse
807 575 843 611 in
876 574 972 612 fines
1003 575 1222 623 Megaricas
1254 576 1301 613 ab
1333 575 1530 613 historicis
1562 588 1771 625 cognosce-

293 644 400 678 retur
431 640 495 688 (cf.
526 641 649 679 Thuc.
672 643 718 689 11,
741 645 804 680 31.
837 642 900 691 IV,
923 640 1003 690 66),
1037 655 1082 679 ea
1112 641 1281 691 denique
1314 655 1415 692 quae
1439 646 1574 681 contra
1596 655 1674 689 eos,
1706 644 1773 693 qui

294 707 388 745 fines
419 709 570 746 Atticas
602 710 826 757 intrassent,
864 709 994 747 edicta
1025 712 1167 757 essent,
1205 710 1260 747 rei
1292 710 1498 759 augendae
1532 723 1650 748 causa
1691 723 1775 749 esse

294 775 382 813 ficta
420 780 457 813 ct
489 777 677 825 originem
710 776 874 814 fortasse
906 776 1050 814 debere
1089 777 1364 827 Aristophanis
1396 778 1567 816 Acharn.
1596 781 1677 817 530
1692 790 1776 828 sqq.

294 842 417 889 Quam
450 844 683 882 sententiam
717 845 780 882 vel
814 844 1019 882 novissime
1052 845 1224 883 breviter
1256 846 1421 893 iteravit,
1460 847 1638 884 Berliner
1667 846 1774 885 Stud.

295 911 378 959 VII,
401 914 423 949 3
455 924 491 960 p.
518 914 569 951 89
604 912 690 949 adn.
716 915 749 950 1.
810 912 924 959 Quod
954 913 985 949 si
1014 925 1147 950 verum
1181 917 1290 958 esset,
1323 913 1484 951 caderet
1518 918 1650 952 nostra
1681 926 1773 963 quo-

294 990 370 1026 quc
413 979 563 1028 opinio,
605 992 683 1029 qua
724 980 835 1018 etiam
878 980 914 1016 in
949 979 1104 1018 scholiis
1142 981 1307 1030 vestigia
1340 981 1466 1019 inesse
1504 980 1669 1019 duorum
1711 981 1773 1019 de-

297 1050 491 1084 cretorum
524 1047 653 1084 verbis
691 1048 792 1085 inter
823 1059 864 1085 se
896 1047 1138 1085 diversorum
1181 1049 1417 1097 putavimus,
1455 1061 1691 1098 quamquam
1730 1061 1775 1086 ea

295 1114 459 1151 confusa
489 1116 566 1152 sint
598 1129 619 1153 a
650 1116 902 1164 grammatico
935 1128 1052 1153 unum
1092 1128 1136 1153 ea
1167 1127 1252 1153 esse
1284 1118 1379 1165 rato,
1417 1129 1503 1154 cum
1535 1116 1654 1154 schol.
1682 1117 1775 1160 Pac,

297 1185 375 1221 609
410 1183 568 1220 Charini
598 1183 797 1220 decretum
826 1184 974 1221 tribuat
1002 1184 1156 1220 Pericli.
1216 1182 1291 1221 Sed
1321 1196 1478 1222 causam
1511 1196 1595 1222 esse
1619 1185 1774 1222 omnino

294 1263 406 1299 nego,
438 1263 507 1287 cur
537 1250 639 1288 Plut.
671 1251 886 1288 narrationi
920 1250 1154 1298 diffidamus,
1192 1263 1306 1300 quam
1341 1264 1425 1289 cum
1458 1255 1621 1301 propter
1653 1255 1770 1297 struc-

295 1321 418 1355 turam
461 1318 739 1356 sententiarum
788 1319 930 1356 cadere
977 1321 1135 1367 putaret
1175 1318 1444 1367 Holzapfelius
1485 1332 1521 1369 p.
1555 1321 1644 1357 184.
1686 1321 1775 1364 185,

294 1387 439 1424 affatim
473 1385 665 1424 refutatus
694 1390 752 1424 cst
780 1399 799 1423 a
827 1387 1012 1435 Krechio,
1045 1387 1067 1424 l.
1089 1399 1121 1424 a.
1151 1389 1215 1425 80.
1243 1389 1308 1425 81.
1368 1387 1486 1424 immo
1515 1387 1638 1425 Thuc.
1662 1387 1689 1436 I,
1712 1390 1776 1436 67,

293 1459 332 1491 et
355 1454 498 1503 Ephori
523 1454 625 1503 apud
644 1453 857 1491 Diodorum
882 1454 966 1503 XII,
985 1456 1036 1493 39
1056 1458 1093 1491 et
1114 1455 1213 1491 Plut.
1232 1455 1318 1492 Per.
1337 1456 1399 1493 29.
1422 1457 1475 1493 30
1486 1452 1517 1500 Γ’)
1540 1455 1774 1492 auctoritate

296 1522 364 1558 nisi
394 1521 507 1559 talem
531 1521 610 1559 sere
639 1524 814 1559 statuere
845 1533 1051 1570 possumus
1074 1534 1203 1559 rernm
1231 1524 1428 1570 gestarum
1451 1521 1639 1560 ordinem.
1680 1521 1776 1559 Tria

295 1589 483 1626 habemus
516 1589 770 1626 Plutarchum
796 1590 917 1627 secuti
947 1588 1118 1636 decreta,
1150 1590 1390 1637 Megaricum
1423 1590 1541 1638 prius,
1573 1589 1665 1627 illud
1699 1602 1775 1638 quo

294 1657 615 1694 AnthemocrItus
647 1657 876 1705 mitteretur,
912 1657 1076 1694 alterum
1109 1657 1347 1705 Megaricum
1388 1670 1409 1694 a
1441 1657 1608 1695 Charino
1640 1657 1772 1694 latum.

295 1724 432 1761 Priora
463 1724 539 1761 duo
572 1724 676 1774 apud
707 1723 982 1773 Thucydidem
1015 1736 1173 1773 quoque
1204 1724 1390 1774 leguntur
1421 1724 1450 1773 Ι,
1482 1727 1531 1763 67
1565 1728 1602 1762 et
1633 1725 1662 1774 I,
1686 1726 1775 1770 139,

297 1791 367 1828 nisi
402 1792 504 1840 quod
538 1795 576 1829 et
607 1792 758 1829 celatur
779 1791 1063 1829 Anthemocriti
1094 1804 1234 1829 nomen
1268 1796 1306 1829 et
1336 1792 1498 1829 alterum
1533 1805 1610 1830 non
1641 1794 1775 1841 aperte

296 1858 441 1896 decreti
481 1858 635 1896 nomine
673 1862 851 1896 ornatum
890 1862 957 1896 est.
1018 1859 1169 1907 Nempe
1208 1870 1293 1896 cum
1333 1863 1421 1907 post
1458 1871 1628 1908 pugnam
1669 1857 1774 1907 apud

297 1925 444 1974 Sybota
476 1925 626 1971 saetam,
659 1929 748 1963 ante
780 1926 971 1975 proelium
1005 1925 1109 1974 apud
1133 1925 1361 1963 Potidaeam
1395 1926 1650 1971 commissum,
1682 1938 1775 1973 ergo

296 1993 376 2029 sinc
421 1993 536 2029 dubio
580 1996 725 2030 aestate
759 1996 838 2032 432
884 2006 904 2029 a
947 1993 1098 2030 Pericle
1146 1993 1254 2042 prius
1294 1992 1492 2031 decretum
1535 1993 1772 2041 Megaricum

294 2060 426 2097 datum
459 2064 572 2105 esset,
605 2061 728 2109 primo
762 2060 924 2098 concilio
957 2072 1035 2097 non
1069 2061 1190 2097 multo
1223 2065 1311 2109 post
1341 2072 1512 2110 pugnam
1544 2061 1774 2098 Potidaeen·

294 2139 372 2164 scin
406 2127 537 2165 habito
569 2127 659 2174 (iam
684 2127 831 2165 octobri
852 2125 949 2173 432)
982 2127 1233 2176 Megarenses
1266 2127 1371 2176 quod
1400 2128 1542 2165 iniuste
1570 2131 1707 2165 contra
1734 2139 1775 2164 se

296 2194 493 2231 decretum
531 2194 731 2232 dedissent
762 2196 1050 2232 accusaverunt
1080 2193 1342 2232 Athenienses
1374 2194 1517 2243 (1,67).
1579 2194 1655 2232 Sed
1687 2206 1773 2231 cum

296 2265 432 2298 contra
463 2262 499 2299 id
531 2262 781 2311 opprobrium
814 2261 919 2311 quod
948 2264 1085 2310 postea
1118 2261 1162 2299 iis
1190 2261 1409 2299 iniecerunt
1431 2262 1704 2306 Athenienses,
1733 2263 1775 2298 ut

296 2341 430 2375 agrum
463 2341 617 2366 sacrum
658 2329 878 2374 coluissent,
918 2340 966 2365 ne
998 2328 1118 2366 verbo
1150 2328 1306 2377 quidem
1345 2341 1384 2366 se
1417 2328 1677 2366 defenderent
1706 2340 1775 2365 ne-

296 2409 372 2444 que
412 2396 708 2434 Atheniensium
753 2397 869 2444 legati
916 2395 982 2444 qui
1030 2395 1129 2433 forte
1170 2395 1327 2433 fortuna
1369 2395 1669 2434 Lacedaemone
1709 2394 1773 2432 ad-

408 2527 437 2565 6)
477 2524 710 2559 Plutarchum
754 2525 799 2558 ab
840 2524 985 2568 Ephoro
1027 2525 1234 2563 dependere
1277 2528 1541 2559 consenserunt
1577 2524 1774 2568 Sauppius,

298 2581 318 2614 1.
337 2590 366 2614 a.
395 2592 427 2623 p.
450 2584 498 2622 13,
524 2586 560 2615 et
588 2581 776 2623 Ruehlius,
801 2582 822 2614 l.
841 2591 870 2614 a.
898 2592 931 2624 p.
950 2584 1026 2614 669.
1076 2580 1245 2614 Ceterum
1274 2581 1308 2614 in
1335 2581 1543 2624 insequenti
1569 2581 1774 2614 narratione

298 2646 517 2680 magnopere
546 2638 699 2671 adiuvor
725 2637 825 2670 libris
852 2636 1025 2677 Ulli-iobii,
1052 2636 1093 2670 D.
1118 2646 1250 2679 megala
1275 2636 1497 2680 Psephisma,
1531 2636 1657 2670 Haml).
1681 2639 1773 2679 1838,

299 2697 334 2725 ct
352 2692 580 2735 llolzapt'elii,
606 2693 726 2726 Uebcr
744 2693 802 2727 die
821 2692 978 2726 chronol.
1000 2692 1165 2726 Anordn.
1185 2692 1219 2725 d.
1236 2692 1444 2736 Begebenh.
1464 2703 1534 2726 von
1554 2692 1587 2726 d.
1606 2691 1774 2726 Sehlacht

298 2748 354 2780 bei
380 2748 581 2781 Leukimne
607 2748 664 2781 bis
691 2759 719 2782 z,
747 2748 772 2781 Ι.
791 2748 926 2781 Einfall
951 2748 984 2782 d.
1008 2748 1132 2791 Pelop.
1159 2748 1195 2780 in
1220 2746 1355 2782 Attin:
1382 2748 1512 2782 Berlin.
1532 2747 1633 2781 Stud.
1653 2746 1735 2789 vn,
1755 2749 1773 2780 3

298 2813 332 2845 p.
352 2806 390 2835 47
404 2813 482 2846 sqq.
522 2803 748 2837 Novissimus
775 2803 932 2837 accessit
957 2802 1160 2845 Nissenius,
1188 2804 1207 2836 1.
1226 2812 1255 2837 a.
