1815 3231
1461 191 1502 223 ll]

31 294 268 333 mentatione
290 292 470 342 quamvis
493 293 663 333 dubitari
685 295 820 343 possit,
843 298 968 332 tamon
996 296 1031 333 i‹l
1057 303 1218 346 constat,
1246 299 1390 337 aoristo
1415 290 1510 348 η’ριε-

30 372 111 412 ρον
149 360 248 407 (sive
281 361 363 399 sine
391 363 602 409 augmento
632 353 827 411 ἄραρον),
865 363 930 410 qui
960 363 1101 401 radicis
1129 365 1279 412 syllaba
1310 366 1510 415 duplicata

30 429 144 468 fietus
165 431 235 474 est,
267 430 410 466 natura
431 428 637 466 inhaerere
665 429 904 466 causativam
928 431 1144 479 notionem3
1175 432 1221 468 ef.
1250 434 1354 470 Uurt.
1380 433 1511 470 verbs-¹

31 497 80 546 II,
104 499 157 536 34
187 507 325 546 eaque,
357 507 460 545 quae
494 496 566 534 sub
598 488 755 546 ὄρνυμι
789 498 964 546 exposui.

143 564 259 612 Quod
302 564 369 602 ille
410 564 580 602 aoristus
621 555 789 615 ἤραρον
830 569 986 614 praeter
1027 568 1262 605 causativain
1314 570 1508 606 notionem

29 644 124 683 prae
155 644 197 671 se
228 631 306 670 fert
337 631 635 677 intransitWam,
670 632 716 670 de
745 644 789 670 co
821 645 938 681 agere
971 634 1080 671 nobis
1113 647 1209 683 opus
1242 640 1307 673 est.

144 700 356 739 Oausativa
398 699 561 738 huiusce
602 700 737 738 aoristi
768 700 997 749 significatio
1029 703 1156 740 sexies
1188 703 1328 752 legitur
1361 701 1391 739 A
1418 707 1509 750 1103

30 767 83 806 M
99 770 196 818 1053
229 764 391 817 112123
424 778 442 804 ε
466 769 563 812 252;
615 768 807 806 translata
839 769 945 807 notio
976 780 993 805 ε
1018 772 1086 817 95;
1118 781 1148 806 ,τ
1176 772 1260 809 169.

144 836 196 874 Ut
226 835 265 873 in
298 835 420 874 verbo
452 826 622 885 ὄρνυμι,
655 836 709 873 sic
742 835 780 873 in
813 836 886 873 hoc
909 837 1028 874 verbo
1061 837 1304 875 intransitiva
1337 839 1439 876 notio
1464 851 1509 876 ex

30 904 281 944 intransitivo
323 903 503 953 perfeeto
541 904 578 941 in
622 903 808 942 aoristum
852 905 885 941 11
929 904 1102 953 perfecto
1145 908 1304 954 propter
1341 906 1509 954 syllabae

31 972 336 1023 duplicationem
367 971 602 1010 simillimum
635 970 840 1020 irrepsisse
870 971 1036 1009 videtur.
1097 972 1203 1018 Quae
1237 972 1387 1010 duobus
1419 973 1511 1010 locis

30 1040 165 1080 subest
204 1037 250 1077 H
279 1042 360 1079 214
408 1027 466 1084 ὦς
511 1030 678 1089 ἄραρον
724 1031 915 1088 κόρυθές
960 1051 1002 1075 τε
1050 1037 1118 1075 καὶ
1162 1031 1337 1084 ἀσπίδες
1379 1032 1510 1090 «isam-

31 1098 207 1146 λόεσσαι
247 1104 443 1155 (similiter
479 1107 701 1157 perfeetum
736 1110 950 1156 usurpatur
983 1106 1025 1143 A*
1049 1110 1129 1145 800
1165 1096 1222 1152 ὥς
1259 1106 1393 1156 Τρῶες
1423 1101 1510 1156 πρὸ

30 1172 110 1227 μὲν
141 1168 267 1213 ἄλλοι
300 1165 511 1226 ἀρηρότες
542 1178 580 1213 et
616 1174 649 1212 O
679 1178 759 1214 618
791 1168 1012 1224 ἲσχο1.·γιἐρ
1034 1169 1259 1224 πυργηδὸν
1288 1166 1510 1225 ἀρηρότες)

31 1240 70 1284 e't
107 1240 132 1282 ὁ
163 1246 241 1283 777
278 1240 443 1293 μῦθον,
482 1232 504 1279 ὃ
545 1236 596 1293 ὀὴ
628 1238 700 1279 καὶ
732 1239 868 1279 πᾶσιν
904 1237 968 1279 ἐνὶ
1006 1239 1160 1291 ([ρεσὶν
1197 1233 1355 1292 ἤραρεν
1395 1231 1508 1291 ἡμῖν.

32 1313 117 1351 Hoc
157 1311 242 1350 loeo
279 1311 511 1349 translatam
550 1310 875 1360 significationem
913 1311 1092 1360 placendi
1131 1311 1290 1348 verbum
1336 1310 1510 1358 praebet:

33 1380 281 1430 quapropter
312 1367 468 1415 εὔαδεν
498 1378 536 1415 in
567 1378 769 1416 nonnullis
798 1377 996 1416 codicibus
1028 1377 1262 1426 adscriptum
1285 1380 1351 1414 est.
1403 1377 1510 1423 Quae

34 1447 228 1486 translata
250 1445 484 1497 significatio
517 1445 714 1495 quomodo
743 1457 829 1483 cum
858 1445 1020 1494 propria
1042 1445 1077 1481 vi
1107 1444 1324 1492 cohaereat,
1355 1444 1511 1482 Curtius

32 1516 71 1554 in
102 1514 181 1553 Et.⁵
211 1516 292 1554 340
331 1513 605 1552 demonstrare
638 1516 814 1552 conatur.
874 1509 996 1550 Recte
1027 1512 1138 1549 homo
1171 1511 1234 1548 ille
1266 1511 1509 1549 doctissimus

33 1584 166 1621 monet
195 1582 309 1621 etiam
332 1581 437 1632 apud
460 1582 674 1620 Homerum
706 1592 822 1630 posse
854 1578 1053 1618 observari
1085 1582 1123 1617 et
1154 1574 1179 1615 ὁ
1201 1581 1276 1617 777
1310 1582 1347 1615 et
1369 1575 1406 1615 ,1
1432 1580 1507 1616 136

34 1641 266 1701 (ἄρσαντες
295 1641 408 1687 κατὰ
438 1642 588 1700 θυμόν
618 1649 699 1688 scil.
728 1644 881 1699 γέρας),
912 1659 990 1697 qua
1011 1647 1161 1685 ratione
1193 1646 1314 1684 altera
1337 1646 1440 1683 notio
1472 1645 1508 1682 in

33 1717 195 1757 alteram
225 1712 550 1767 transgrediatur.

146 1784 375 1825 Notandum
407 1788 468 1824 est
506 1774 687 1836 ἀραρεῖν
729 1786 960 1833 ceterosque
1000 1782 1164 1820 aoristos
1187 1781 1231 1825 ΙΙ,
1273 1781 1338 1829 qui
1369 1778 1510 1817 radicis

35 1854 192 1904 syllaba
233 1853 435 1904 duplicata
474 1852 630 1891 formati
673 1854 775 1902 sunt,
817 1851 968 1890 aoristis
1000 1839 1187 1899 ἀγαγεῖν)
1220 1843 1369 1893 εἰπεῖν,
1401 1842 1509 1895 ἐνεγ-

35 1926 129 1960 κεῖν
160 1923 334 1972 exeeptis
366 1922 603 1972 plerumque
633 1923 785 1959 tantum
817 1920 854 1957 in
887 1930 959 1957 usu
992 1917 1179 1956 sermonis
1201 1916 1343 1966 poetici
1366 1915 1510 1953 versari

36 1991 321 2041 maximamque
367 1993 520 2040 partem
567 1990 640 2028 iam
687 1990 725 2026 in
777 1987 947 2026 dictione
994 1986 1198 2024 Homerica
1247 1983 1295 2021 ad
1346 1984 1509 2032 priscam

35 2060 272 2098 vetustatem
304 2060 515 2109 pertinere.
575 2057 622 2096 cf.
655 2057 760 2096 Ourt.
794 2053 927 2094 Verb.2
960 2054 1091 2100 11,29.

193 2204 230 2245 F.
282 2203 336 2245 De
369 2203 524 2246 duobus
555 2200 842 2255 deponentibus
874 2198 1047 2252 δέχομαι
1079 2198 1118 2239 et
1150 2194 1360 2249 ἐέλδομαι.

623 2292 661 2335 l.
714 2291 938 2344 δέχομαι.

152 2377 239 2416 Uno
271 2375 541 2415 tantummodo
574 2376 658 2414 loco
691 2373 822 2412 Iliadis
856 2372 981 2411 Τ2911
1013 2361 1071 2415 ὥς
1091 2381 1163 2420 μοι
1187 2366 1349 2419 δέχεται
1373 2361 1512 2404 κακὸν

40 2438 88 2482 ἐκ
118 2442 263 2482 κακοῦ
296 2433 363 2482 dei
398 2445 506 2483 notio
539 2443 644 2482 verbi
679 2442 834 2480 insolita
874 2444 913 2478 et
951 2452 973 2477 a
1003 2438 1210 2489 principali
1242 2437 1279 2473 vi
1310 2436 1513 2474 transitiva

39 2512 198 2550 diversa
234 2512 445 2561 reperitur.
514 2509 719 2559 Quomodo
756 2508 915 2546 verbum
956 2507 991 2544 h.
1022 2507 1043 2544 l.
1080 2505 1129 2543 sit
1165 2502 1513 2553 interpretandum,

39 2580 204 2618 haerere
233 2580 370 2629 possis,
402 2582 441 2618 et
471 2579 684 2617 haeserunt
705 2577 776 2614 viri
799 2575 1022 2613 doctissimi.
1066 2573 1141 2611 Alii
1162 2573 1274 2621 enim,
1306 2575 1346 2609 ut
1367 2571 1512 2608 Auten-

39 2647 222 2696 riethius,
271 2647 433 2686 verbum
473 2646 626 2696 passive
670 2656 753 2683 esse
796 2644 1026 2691 usurpatum
1071 2642 1320 2690 put-averunt,
1359 2638 1431 2675 alii.
1473 2641 1513 2674 ut

41 2711 283 2753 Vanieekius
304 2714 334 2764 I,
353 2716 433 2753 334
455 2717 493 2753 et
516 2713 723 2761 Ameisius‚
750 2710 1006 2758 intransitive,
1026 2709 1088 2746 alii
1113 2707 1291 2756 denique,
1313 2706 1349 2743 in
1373 2705 1512 2754 quibus

40 2781 216 2820 Seilerus
248 2785 286 2820 et
316 2782 565 2831 Ebelingius,
611 2780 791 2819 dirimere
824 2791 898 2816 non
933 2777 1014 2814 ausi
1048 2779 1154 2823 sunt,
1200 2778 1286 2812 utra
1321 2772 1513 2813 sententia

24 2849 318 2907 anteponenda
347 2850 405 2888 sit.
