1830 3201
289 182 368 219 308

285 303 370 329 cum
405 292 583 340 equidem
616 291 777 340 probem
813 290 909 327 alias
932 290 980 327 ob
1003 302 1142 327 causas
1174 291 1210 327 in
1235 302 1275 327 re
1304 291 1388 339 ipsa
1420 292 1575 339 positas,
1607 291 1637 328 si
1667 290 1760 339 quid

283 358 408 406 video,
448 358 510 395 hic
549 360 677 396 exstat
719 353 865 395 certum
911 361 1194 406 argumentum,
1236 369 1313 406 quo
1356 370 1442 395 eum
1484 360 1645 407 textum,
1685 370 1761 407 quo

284 426 476 475 Didymus
515 437 607 463 usus
644 425 709 471 sit,
749 436 909 462 vacasse
948 424 1021 462 hac
1057 425 1355 473 interpolatione
1393 425 1526 463 stricte
1557 426 1762 474 probatur3

284 493 429 531 exstitit
460 493 531 530 iam
571 492 609 529 in
642 505 688 530 eo
721 494 829 530 textu
867 504 981 541 quem
1020 493 1216 530 recentior
1252 493 1348 530 Ran.
1376 496 1427 531 47
1459 494 1688 532 scholiastes
1723 495 1760 531 in

284 560 461 598 manibus
493 560 640 598 habuit.
700 560 881 598 Ceterum
915 559 1020 609 apud
1052 560 1155 597 Plut.
1176 559 1263 598 Nic.
1286 563 1308 598 2
1341 563 1377 598 61
1408 561 1466 599 De
1488 561 1676 611 republic.
1699 574 1762 610 ge-

283 627 392 665 rend.
415 629 480 676 32,
501 630 526 665 4
558 626 721 664 eandem
755 627 999 675 cognominis
1031 638 1187 664 causam
1222 628 1397 675 legimus.

396 693 548 732 Deinde
581 694 702 732 schol.
730 695 767 731 ΙΙ
798 695 928 743 Ε(111ῑ1.
961 696 1040 733 969
1073 706 1163 743 pars
1194 695 1316 732 altera
1346 715 1400 719 —
1431 708 1517 732 nam
1551 695 1599 733 de
1630 696 1762 745 priore

284 763 355 799 iam
390 761 556 798 diximus
589 774 626 810 p.
650 763 729 800 279
760 774 834 798 —:
867 755 1035 811 Κύριον
1059 757 1104 798 δὲ
1127 751 1223 798 ἀντὶ.
1246 760 1327 799 τοῦ
1349 755 1496 812 Κύρου
1517 761 1599 800 τοῦ
1622 753 1763 813 Ἀρτα-

284 825 440 878 ξέρξου
460 826 542 865 τοῦ
565 827 747 878 Περσῶν
778 825 1001 877 βασιλέως,
1033 818 1080 873 ὃς
1110 819 1206 866 κατ’
1228 823 1423 875 ἐκείνους
1452 823 1557 875 τοὺς
1576 824 1764 880 χρόνους

285 893 361 945 τῆς
387 892 546 940 Λυδίας
567 892 786 945 πεμφθεὶς
819 889 1108 945 σατραπεύειν
1131 892 1495 946 Λακξδαιμονίοις
1524 894 1764 947 προςθεμέ-

287 974 378 1007 νοις
409 958 469 1007 εἰς
489 956 689 1012 πόλεμον
719 955 773 1000 τὰ
793 954 905 1013 πρὸς
927 954 1184 1014 Ἀθηναίους
1215 955 1448 1015 ἐχορήγησε
1476 958 1684 1015 χρήματα,
1716 965 1764 1003 de

286 1043 363 1079 qua
395 1043 435 1068 re
468 1043 552 1068 cum
585 1031 841 1080 Thucydides
873 1032 921 1076 II,
951 1034 1088 1080 65,12
1122 1032 1258 1080 paucis
1288 1035 1437 1069 tantum
1468 1032 1597 1070 verbis
1628 1034 1764 1082 egerit,

285 1098 507 1136 accuratius
529 1099 645 1136 locuti
669 1102 760 1136 sunt
781 1102 940 1148 praeter
962 1099 1262 1148 Xenophontem
1288 1099 1387 1137 Hell.
1410 1100 1439 1148 Ι,
1462 1103 1499 1149 5,
1518 1103 1537 1137 1
1567 1099 1764 1138 Diodorus

285 1167 388 1211 XIII,
413 1169 464 1205 70
495 1169 533 1203 ct
563 1166 799 1204 Plutarchus
834 1168 920 1215 Lys.
945 1169 986 1216 4,
1016 1179 1131 1216 quem
1165 1169 1373 1216 utrumque
1405 1167 1451 1204 ad
1477 1167 1674 1216 Ephorum
1706 1180 1763 1205 re-

286 1233 425 1271 cedere
457 1233 646 1281 probatur
677 1233 812 1271 eadem
846 1234 1078 1283 differentia,
1109 1245 1210 1282 quae
1243 1234 1344 1271 inter
1366 1234 1437 1272 hos
1469 1236 1507 1272 et
1529 1234 1764 1283 Xenophon-

285 1300 360 1338 tem
404 1300 632 1349 intercedat,
675 1301 722 1339 de
765 1313 843 1350 qua
885 1302 933 1338 cf.
973 1300 1314 1350 Breitenbachius,
1357 1301 1544 1339 Hellenic.
1585 1302 1633 1339 ad
1675 1303 1699 1339 l.
1731 1314 1764 1339 a.

287 1369 462 1417 Uterque
501 1371 538 1405 et
569 1368 788 1417 Xenophon
822 1371 859 1406 et
890 1368 1073 1418 Ephorus
1112 1369 1148 1406 in
1187 1369 1343 1406 scholiis
1380 1370 1416 1406 in
1457 1381 1569 1407 usum
1602 1372 1765 1407 vocatus

286 1438 356 1483 cst,
387 1434 455 1473 sed
484 1436 669 1484 Ephorus
700 1436 806 1473 iniis
835 1436 1076 1485 potissimum
1108 1435 1225 1473 rebus
1258 1436 1460 1474 consultus
1484 1440 1553 1485 est,
1584 1449 1684 1486 quae
1715 1436 1763 1474 ad

287 1503 433 1540 bellum
457 1502 657 1540 Persicum
681 1504 892 1553 pertinent,
920 1506 962 1541 ut
984 1503 1045 1541 vel
1066 1505 1277 1552 propterea
1298 1503 1548 1542 verisimilius
1570 1504 1618 1542 sit
1638 1505 1763 1542 Xeno—

286 1570 471 1619 phontem
505 1581 591 1607 esse
623 1570 761 1608 scholii
792 1570 949 1609 fontem.
1011 1570 1123 1617 Quod
1155 1570 1396 1619 probabilius
1426 1570 1468 1608 fit
1500 1583 1545 1609 ea
1576 1584 1630 1620 re,
1661 1571 1764 1620 quod

286 1637 391 1686 apud
426 1635 641 1674 Diodorum
674 1638 804 1683 Darei,
836 1637 940 1686 apud
973 1637 1220 1675 scholiastam
1251 1637 1482 1675 Artaxerxis
1514 1637 1615 1675 filius
1646 1638 1764 1676 nomi-

287 1708 402 1742 natur
424 1704 552 1752 Cyrus
584 1716 713 1753 neque
745 1705 955 1754 quicquam
987 1704 1035 1742 de
1058 1704 1149 1753 Cyri
1171 1705 1341 1753 satrapia
1371 1705 1517 1754 legitur
1548 1705 1652 1754 apud
1674 1706 1764 1743 Dio-

290 1771 442 1820 dorum,
472 1770 519 1809 cf.
551 1771 648 1809 Xen.
676 1772 706 1821 I,
726 1774 763 1821 4,
784 1774 820 1810 4.
880 1772 1033 1810 Etenim
1067 1783 1152 1809 cum
1185 1783 1346 1810 necesse
1378 1772 1426 1809 sit
1458 1772 1562 1810 credi
1595 1776 1661 1810 aut
1691 1773 1765 1811 hoc

290 1841 373 1888 ipso
404 1839 489 1877 loco
528 1842 596 1877 aut
625 1839 759 1888 paullo
792 1843 907 1878 antea
938 1839 1138 1889 Ephorum
1170 1839 1429 1878 nominavisse
1466 1840 1607 1890 Cyrum
1643 1839 1763 1878 filium

290 1906 420 1955 Darei,
451 1905 554 1944 unde
586 1906 782 1945 Diodorus
815 1906 953 1954 hausit,
985 1906 1103 1944 multo
1130 1906 1285 1944 facilius
1316 1907 1466 1956 ignosci
1498 1910 1626 1957 potest
1655 1907 1765 1946 scho-

288 1974 425 2011 liastae
463 1986 584 2019 error⁷
622 1974 652 2011 si
692 1985 778 2011 eum
817 1986 836 2011 e
874 1974 1144 2023 Xenophontis
1182 1974 1280 2012 libro
1318 1974 1496 2012 hausisse
1532 1978 1660 2024 putas,
1697 1976 1764 2024 qui

290 2042 325 2079 in
356 2044 438 2079 tota
465 2041 538 2078 hac
560 2041 607 2079 de
630 2042 732 2089 Cyro
755 2042 978 2079 narratione
1010 2042 1039 2091 Ι,
1061 2044 1096 2089 4,
1121 2044 1238 2082 1—8.
1270 2044 1305 2087 5,
1330 2045 1459 2080 1—11
1495 2055 1580 2080 eum
1612 2055 1765 2091 semper

290 2101 546 2155 „f‘ssaotsse'uff‘
579 2112 699 2158 notat,
730 2121 844 2157 quam
877 2109 908 2146 si
939 2109 987 2146 ad
1011 2109 1210 2158 Ephorum
1244 2122 1329 2147 eum
1358 2109 1490 2155 refers,
1522 2111 1587 2159 qui
1621 2109 1765 2148 diserte

293 2176 474 2224 exposuit
504 2187 657 2213 nomen.
716 2176 896 2224 Denique
935 2175 1029 2213 illud
1070 2169 1182 2212 κατὰ
1218 2169 1403 2220 τούτους
1442 2168 1545 2222 τοὺς
1577 2169 1766 2227 χρόνους

295 2246 331 2291 (1.
367 2257 397 2281 6.
440 2256 542 2281 311110
573 2240 747 2292 425124,
789 2255 867 2292 01110
907 2244 1090 2292 Equitum
1132 2243 1263 2281 fabula
1306 2243 1420 2281 docta
1459 2242 1533 2289 est)
1579 2245 1763 2292 optimum

294 2311 454 2360 praebet
485 2311 702 2359 exemplum
735 2322 811 2359 quo
843 2322 958 2359 quam
986 2314 1098 2348 caute
1129 2310 1316 2348 eiusmodi
1348 2311 1550 2359 generales
1579 2312 1764 2360 temporis

291 2380 462 2417 rationes
493 2379 726 2417 scholiorum
759 2378 1134 2427 Aristophaneorum
1171 2378 1248 2416 sint
1278 2378 1531 2427 accipiendae
1567 2379 1765 2428 probatur,

293 2459 378 2484 cuni
425 2458 504 2483 rem
557 2445 605 2483 de
651 2458 728 2494 qua
771 2449 910 2494 agatur
960 2448 1146 2484 autumno
1187 2447 1267 2484 408
1318 2446 1494 2484 evenisse
1544 2446 1763 2496 Xenophon

292 2516 429 2551 auctor
459 2513 517 2550 sit.

401 2579 460 2617 Ad
494 2580 658 2617 eundem
692 2580 836 2618 fontem
870 2583 964 2629 puto
997 2579 1183 2618 recedere
1215 2580 1334 2617 schol.
1361 2580 1457 2617 Ran.
1486 2582 1583 2618 365:
1619 2576 1765 2630 Κῦρος

288 2640 368 2695 γὰρ
400 2640 645 2696 Λυσάνδρῳ
688 2640 849 2696 ἔπεμψε
884 2640 1079 2697 χρήματα
1115 2639 1217 2683 τότε
1256 2641 1316 2690 εἰς
1351 2638 1549 2696 πόλεμον
1587 2642 1763 2683 δανείου

287 2707 426 2764 χάριν,
465 2728 565 2764 (11136
596 2716 716 2754 verba
757 2716 807 2754 ad
840 2717 964 2754 locum
997 2716 1333 2766 interpretandum
1371 2716 1464 2754 nihil
1494 2717 1661 2754 afferunt
1698 2714 1763 2763 (cf.

289 2784 379 2822 edit.
407 2784 546 2823 Kockii
585 2785 633 2823 ad
673 2786 708 2823 h.
736 2784 799 2831 V.).
865 2787 928 2824 Bis
965 2799 986 2824 a
1024 2785 1126 2837 Cyro
1164 2786 1369 2836 Lysander
1405 2786 1571 2836 pecunia
1606 2785 1762 2829 adiutus
