1830 3201
297 187 348 224 60

298 296 483 335 confusae
522 300 614 335 sunt
651 310 738 336 cum
776 298 908 337 formis
950 299 1084 337 aoristi
1116 299 1150 336 ΙΙ
1188 299 1332 348 passivi
1369 292 1576 350 ἐτράφην.
1636 301 1773 349 Itaque

298 364 442 402 factum
485 367 557 410 est,
600 367 642 402 ut
683 365 765 415 alii,
807 366 926 403 veluti
965 365 1223 404 Thierschius
1265 366 1302 403 in
1345 378 1402 415 gr.
1424 366 1647 417 Gr.§215‚
1667 367 1775 416 45¹),

298 431 439 469 iudicio
472 432 683 470 Herodiani
722 433 802 471 nixi
840 446 905 471 eas
943 433 1104 483 formas,
1145 446 1246 482 quae
1285 433 1402 483 vulgo
1440 433 1488 471 ad
1520 435 1705 473 aoristum
1738 436 1773 473 11

297 500 412 537 activi
452 499 745 550 referebantur,
786 513 856 550 pro
894 501 1026 539 formis
1063 501 1197 539 aoristi
1235 501 1380 550 passivi
1420 501 1657 551 acciperent,
1697 503 1772 551 alii,

295 567 332 604 in
365 567 507 615 quibus
539 568 801 606 Buttmannus
832 567 892 615 (A.
916 568 1051 618 G.211‚
1074 571 1152 607 307
1172 567 1284 618 sqq),
1323 568 1539 606 Ahrensius
1571 568 1772 615 (Formen-

300 634 408 672 lehre
439 647 474 684 p.
493 633 574 684 91),
606 635 698 684 quin
731 637 845 674 etiam
880 637 1037 674 Curtius
1060 636 1213 681 (Ἶρι-1).2
1236 637 1282 685 II,
1305 634 1374 682 21)
1407 637 1594 675 aoristum
1617 637 1774 686 passivi⁷

297 714 382 740 cum
420 702 483 740 ille
520 704 715 752 posterior
753 707 854 741 esset
891 704 1088 753 formatio,
1129 716 1176 742 ex
1209 704 1378 741 Homero
1419 704 1500 742 tolli
1540 717 1585 742 ac
1621 717 1691 753 pro
1729 717 1773 743 eo

298 769 442 819 ubique
473 770 625 808 levibus
656 771 937 809 mutationibus
970 772 1154 810 aoristum
1186 771 1300 809 activi
1335 772 1482 809 restitui
1515 772 1674 810 vellent.

409 850 460 887 At
492 852 657 899 utraque
690 851 896 900 sententia,
927 853 969 888 ut
1000 851 1089 888 mihi
1122 850 1279 899 quidem
1302 851 1470 901 videtur,
1502 851 1614 889 nimis
1646 852 1773 890 audax

299 917 379 955 fuit.
440 918 557 967 Nam,
601 920 642 955 ut
673 918 839 967 primum
871 918 920 955 ad
952 918 1172 956 Tliierschii
1211 918 1432 968 opinionem
1473 931 1542 957 nos
1574 923 1774 958 converta—

298 997 393 1031 mus⁷
425 985 620 1034 correptio
656 986 802 1023 vocalis
835 997 859 1036 η
898 986 935 1022 in
975 986 1121 1024 aoristo
1154 986 1299 1035 passivi
1330 986 1506 1024 inaudita
1537 991 1596 1024 est
1625 988 1663 1024 in
1696 999 1772 1025 om-

299 1053 412 1090 nibus
445 1053 623 1101 personis
656 1054 825 1091 omnium
858 1053 1098 1102 reliquorum
1132 1053 1341 1092 verborum
1365 1057 1531 1103 excepta
1553 1055 1667 1092 tertia
1689 1067 1773 1104 per-

298 1132 394 1157 sona
425 1120 600 1168 pluralis.
662 1120 771 1167 Quae
804 1121 1018 1170 correptio,
1059 1133 1161 1170 quae
1199 1122 1236 1158 in
1269 1122 1383 1158 tertia
1414 1121 1576 1169 pluralis
1607 1134 1775 1171 persona

298 1188 503 1236 reperitur⁷
535 1190 669 1235 aperte
701 1188 739 1225 in
771 1200 816 1226 eo
848 1189 976 1237 posita
1007 1192 1076 1233 est,
1110 1188 1214 1237 quod
1247 1188 1428 1226 suffixum
1460 1199 1498 1234 v,
1531 1201 1606 1227 non
1630 1196 1711 1225 σαν
1733 1192 1776 1227 ut

298 1255 335 1292 in
378 1254 545 1292 dialecto
576 1255 723 1303 Attica,
768 1255 815 1292 ad
861 1256 1020 1304 stirpem
1063 1256 1315 1304 temporalem
1357 1257 1533 1294 accessit.
1594 1257 1774 1295 Ceterum

299 1323 399 1360 hanc
431 1323 664 1360 sententiam
698 1323 854 1371 plurimi
887 1323 1129 1372 grammatici
1164 1323 1393 1360 recentioris
1425 1324 1564 1361 aetatis
1592 1324 1775 1373 repudia·
1828 1334 1830 1339 ·

299 1392 402 1439 runt,
432 1389 684 1438 quamobrem
718 1402 801 1427 eam
834 1389 1059 1439 diligentius
1090 1390 1312 1428 examinare
1345 1390 1593 1439 supersedeo.

413 1467 525 1515 Quod
559 1480 677 1517 porro
710 1468 851 1506 attinet
881 1469 929 1506 ad
963 1469 1120 1506 alteram
1154 1469 1385 1506 sententiam
1416 1469 1506 1506 huic
1529 1470 1776 1520 contrariam,

301 1550 324 1575 a
355 1548 434 1586 qua
466 1536 580 1573 etiam
604 1535 760 1574 Curtius
792 1549 868 1573 non
901 1536 1114 1574 abhorrere
1135 1535 1302 1586 videtur,
1334 1535 1437 1574 haud
1465 1537 1557 1575 satis
1577 1537 1776 1586 intellego,

301 1616 379 1653 quo
417 1604 501 1640 iure
540 1603 707 1641 aoristus
738 1604 773 1640 ΙΙ
811 1604 874 1641 ille
913 1603 1057 1652 passivi
1088 1604 1135 1641 ab
1168 1604 1325 1641 Homeri
1359 1604 1594 1642 carminibus
1626 1604 1775 1642 abiudi-
1822 1632 1828 1655 Ἴ)

302 1669 451 1708 candus
482 1670 548 1719 sit,
585 1672 722 1719 utpote
759 1682 873 1718 quem
906 1674 944 1707 et
975 1669 1128 1707 codices
1160 1670 1294 1718 optimi
1325 1669 1521 1707 Homerici
1553 1675 1592 1708 et
1621 1673 1775 1708 veteres

300 1737 543 1786 grammatici
575 1738 668 1774 satis
699 1740 902 1774 testentur.
962 1738 1066 1774 Num
1090 1737 1260 1775 Homero
1283 1737 1415 1774 aoristi
1439 1738 1473 1774 ΙΙ
1506 1737 1650 1785 passivi
1672 1737 1773 1774 simi·
1822 1735 1824 1798 f

302 1806 389 1843 liter
421 1805 498 1843 ficti
530 1805 651 1853 ignoti
682 1805 799 1842 sunt?
860 1805 983 1842 Unius
1015 1804 1149 1842 aoristi
1181 1804 1374 1841 simillime
1403 1803 1556 1841 formati
1579 1797 1775 1856 ἐτάρπην

301 1873 457 1922 saepius
490 1873 595 1923 apud
619 1874 828 1911 Homerum
862 1873 964 1910 obvii
997 1872 1333 1910 commonefacere
1365 1872 1458 1909 mihi
1488 1872 1611 1910 liceat.
1660 1873 1776 1910 Dicat
1822 1890 1823 1911 ι

301 1943 493 1992 quispiam
534 1942 691 1990 linguae
723 1940 953 1979 Homericae
994 1953 1072 1978 non
1115 1952 1214 1989 opus
1254 1940 1375 1978 fuisse
1413 1939 1597 1978 aoristum
1630 1940 1775 1989 passivi
1822 1949 1823 1952 ’

300 2003 494 2061 ἐτράφην
526 2022 685 2055 novare,
717 2009 864 2058 quippe
896 2021 998 2058 quae
1026 2009 1097 2046 iam
1122 2008 1310 2045 aoristum
1333 2000 1525 2057 ἔτραφον
1545 2007 1646 2044 idem
1669 2007 1774 2056 quod

301 2071 494 2129 ἐτράφην
536 2077 818 2127 significantem
861 2076 1032 2114 haberet.
1100 2076 1151 2114 At
1197 2076 1330 2124 lingua
1370 2074 1520 2113 Graeca
1562 2087 1774 2124 numquam
1821 2123 1823 2126 Ι

301 2147 513 2186 verebatur
550 2158 672 2184 novas
710 2145 855 2183 formas
898 2156 1049 2193 creare,
1088 2144 1234 2182 etiamsi
1266 2155 1334 2181 eae
1365 2142 1530 2192 formae,
1568 2155 1670 2192 quae
1700 2143 1774 2180 iam
1821 2177 1823 2182 ,

301 2215 337 2252 in
371 2227 442 2253 usu
477 2215 746 2264 versabantur,
778 2215 811 2252 ei
843 2213 997 2252 abunde
1028 2212 1284 2251 sufficiebant.
1346 2210 1494 2249 Eodem
1525 2211 1608 2248 iure
1636 2211 1774 2248 Home·
1821 2216 1823 2221 '

302 2295 384 2320 rum
417 2283 635 2331 vituperes,
677 2282 783 2331 quod
815 2282 881 2319 ille
912 2283 1069 2330 praeter
1100 2280 1260 2318 formam
1293 2268 1492 2328 ἐτάρπηυ
1520 2278 1626 2316 nulla
1657 2279 1774 2328 signi·
1821 2322 1822 2332 η

303 2349 495 2387 ficationis
527 2349 749 2387 differentia
779 2348 911 2387 formis
933 2343 1155 2398 ἕτέρφθην
1185 2349 1222 2384 et
1255 2339 1487 2396 ἐτάρφθην
1518 2357 1612 2383 usus
1642 2346 1701 2384 sit.
1723 2364 1776 2370 --
1821 2343 1822 2346 ’

303 2420 483 2469 Denique
521 2419 678 2457 Curtius
718 2419 880 2467 aliique,
921 2419 986 2467 qui
1030 2418 1131 2455 hanc
1168 2415 1385 2454 defendunt
1416 2415 1667 2464 sententiam,
1708 2414 1774 2452 ad-

304 2491 464 2525 monent
495 2486 673 2524 omnibus
705 2486 812 2535 locis,
842 2485 984 2534 quibus
1015 2485 1183 2523 aoristus
1214 2482 1359 2532 passivi
1390 2473 1585 2533 ἐτράφην
1607 2481 1774 2520 traditus

305 2557 364 2605 sit,
395 2555 539 2592 formas
569 2553 702 2591 aoristi
732 2553 846 2591 activi
879 2552 981 2591 facili
1003 2552 1160 2602 negotio
1182 2550 1318 2600 reponi
1340 2561 1455 2599 posse
1477 2551 1774 2599 provocantque

419 2698 445 2739 1)
477 2696 517 2730 In
545 2694 669 2728 formis
701 2698 742 2728 ut
767 2690 978 2738 ἐτραφέτην
1003 2696 1072 2728 etc.
1096 2692 1259 2727 vocalem
1284 2705 1304 2735 η
1338 2694 1540 2735 correptam
1565 2700 1646 2725 esse
1677 2693 1714 2724 et
1736 2690 1773 2724 in

304 2753 418 2787 forma
450 2746 583 2796 ἔτραφ’
615 2750 738 2794 potius
776 2750 883 2784 alteri
920 2749 1082 2794 syllabae
1117 2742 1284 2793 (e'tpobp')
1320 2750 1507 2782 accentum
1543 2745 1774 2781 adiciendum

305 2807 540 2843 Thierschius
567 2806 764 2842 existimat.
