1830 3201
287 183 364 217 160

286 303 380 328 mus.
425 290 596 328 Vidimus
623 290 789 340 vestigia
810 289 1026 328 studiorum
1050 290 1345 328 Homericorum
1377 293 1415 328 et
1435 289 1666 328 Arateorum
1695 290 1759 328 ad·

287 360 362 397 huc
384 360 538 396 exstare
570 360 687 407 atque
709 358 916 396 statuimus
948 370 1034 396 eum
1059 359 1257 396 auctorem
1280 357 1399 396 fuisse
1432 357 1617 396 librorum
1650 348 1761 409 πρὸς

285 418 339 461 τὰ
360 413 436 461 ὑπ’
458 415 737 474 Ἀριστάρχου
760 414 1036 473 demortuam
1064 427 1102 462 et
1123 419 1363 475 Παιηονιάς
1395 436 1545 462 necnon
1569 436 1760 462 commen·

286 492 472 530 tariorum
509 492 755 541 Arateorum,
795 504 882 530 cum
922 491 969 530 de
1008 492 1294 530 commentariis
1335 492 1551 530 Homericis
1592 491 1761 530 dubitari

286 559 419 607 possit.
479 557 646 596 Cratetis
678 570 763 596 cum
796 558 916 596 fuerit
945 560 1114 596 sectator
1142 557 1463 608 studiosissimus,
1493 570 1571 596 non
1601 558 1682 596 sine
1704 558 1762 596 ira

288 630 326 664 ct
356 626 484 664 studio
516 628 637 664 artem
668 626 958 675 grammaticam
991 626 1168 665 exercuit
1188 626 1252 675 ita,
1283 629 1326 664 ut
1356 626 1523 665 Cratetis
1545 625 1761 664 doctrinam

289 693 530 742 defenderet,
561 694 777 732 Aristarchi
807 694 1068 743 impugnaret.
1127 694 1184 731 Ea
1214 696 1344 732 autem
1371 694 1523 732 ratione
1553 705 1647 731 usus
1677 705 1762 731 esse

289 761 455 809 videtur,
496 763 538 799 ut
568 774 644 799 non
683 762 721 799 in
752 761 954 799 vocabulis
992 765 1031 799 et
1061 761 1191 799 verbis
1228 761 1323 811 ips1s
1361 760 1587 806 tractandis,
1623 760 1691 799 sed
1722 761 1762 799 in

288 831 491 878 poetarum
523 828 726 867 sententiis
748 828 1072 878 pervestigandis‚
1103 829 1140 866 in
1164 829 1281 867 rebus
1303 828 1544 878 explicandis
1566 829 1763 867 illustran-

291 897 350 934 dis
382 909 566 934 summam
599 909 756 946 operam
789 900 964 945 poneret.
1024 896 1171 944 Quodsi
1209 897 1308 935 bene
1338 908 1380 934 se
1410 896 1555 935 habere
1591 897 1674 934 eius
1705 908 1763 934 ar-

289 965 603 1013 gumentationes
643 964 874 1013 plerumque
911 967 970 1002 est
1005 963 1293 1013 denegandum,
1332 967 1461 1002 tamen
1499 964 1528 1001 si
1562 960 1764 1013 exceperis

291 1033 374 1070 eius
411 1032 645 1070 sententiam
689 1031 738 1069 de
779 1032 937 1069 Homeri
978 1032 1105 1080 patria
1144 1032 1347 1081 prolatam,
1388 1043 1465 1069 non
1506 1032 1638 1080 inepte
1676 1042 1763 1070 eum

290 1100 563 1137 ratiocinatum
597 1111 683 1137 esse
715 1099 1001 1138 affirmaverim.
1061 1099 1185 1146 Quam
1208 1099 1329 1148 ipsam
1352 1099 1502 1138 obrem
1534 1099 1619 1137 iure
1649 1099 1764 1136 mira-

292 1181 389 1215 mur,
421 1167 524 1217 quod
558 1168 768 1205 Homerum
801 1167 919 1205 fuisse
952 1167 1191 1206 Chaldaeum
1223 1165 1401 1213 docuiffl)

403 1237 461 1274 De
493 1237 621 1273 aetate
652 1234 840 1273 Zenodoti
871 1235 1054 1273 Mallotae
1090 1235 1186 1273 nihil
1224 1237 1377 1272 constat
1414 1235 1525 1284 certi;
1563 1231 1765 1281 Wolfius2)

291 1305 459 1356 quidem,
497 1303 562 1352 qui
595 1303 795 1340 Mallotam
829 1306 866 1340 et
896 1303 1207 1341 Alexandrinum
1244 1303 1409 1341 eundem
1443 1313 1528 1340 esse
1564 1301 1765 1347 iudicavit,

295 1384 530 1422 „supparem
553 1370 804 1408 Aristarcho“
842 1383 927 1409 eum
951 1370 1071 1409 fuisse
1101 1370 1208 1420 dixit,
1239 1370 1342 1420 quod
1371 1368 1629 1415 Muetzelli02)
1656 1381 1766 1419 pror-

292 1453 357 1479 sus
397 1438 708 1477 commenticium
748 1438 914 1476 videtur.
972 1438 1023 1477 At
1061 1440 1099 1476 in
1132 1451 1174 1476 re
1205 1439 1354 1477 incerta
1395 1441 1540 1476 certum
1583 1437 1764 1475 iudicium

291 1508 373 1547 fieri
415 1507 562 1556 nequit.
631 1507 764 1555 Atque
809 1518 882 1556 ego
924 1507 1079 1556 quidem
1127 1518 1268 1544 censeo
1314 1509 1381 1544 aut
1424 1504 1592 1544 Cratetis
1630 1505 1768 1555 ipsius,

292 1575 403 1614 cuius
425 1575 626 1613 doctrinae
649 1577 733 1612 erat
755 1574 1029 1629 dedit-issimus,
1060 1574 1294 1624 discipulum
1327 1586 1412 1612 eum
1436 1573 1558 1612 fuisse
1590 1575 1657 1612 aut
1687 1586 1763 1611 non

293 1644 413 1682 multo
446 1646 534 1693 post
566 1644 732 1682 Cratetis
764 1647 802 1682 ct
833 1644 1051 1683 Aristarchi
1082 1648 1256 1694 tempora
1287 1645 1440 1695 degisse
1471 1646 1648 1699 aetatem.

338 1724 343 1725 ⁷
407 1754 433 1791 ¹)
466 1750 519 1785 Cf.
546 1751 716 1785 Muctzell
743 1752 762 1785 l.
782 1753 801 1786 l.
828 1763 861 1795 p.
881 1756 956 1786 251.

404 1811 433 1850 2)
462 1808 628 1851 Prolegg.
655 1819 687 1851 p.
710 1811 781 1842 lm).

405 1866 434 1907 ³)
467 1864 488 1899 l.
506 1876 535 1898 c.
