1830 3201
282 185 361 220 :314

281 290 353 330 καὶ
384 285 503 330 οὕτω
529 288 900 343 πληρωθέντος
922 290 1015 329 τοῦ
1038 281 1264 342 ἀριθμοῦ
1295 291 1369 343 τῆς
1396 282 1650 343 Ἑλληνικῆς
1682 288 1752 330 δυ-

282 354 523 408 νάμεωςΗ),
564 363 655 404 τοῖς
681 349 853 409 Ἕλλησι
893 355 972 408 τῆς
1008 354 1261 409 ἐλευθερίας
1299 356 1430 397 αἴτιοι
1470 356 1751 410 κατέστησαν,

279 421 405 477 μόνοι
438 422 482 475 ἐξ
514 416 727 464 ἁπάντων
758 424 849 463 τῶν
873 418 1090 477 Ἑλλήνων
1122 419 1201 464 τὸν
1231 425 1414 477 πρῶτον
1444 425 1538 464 τῶν
1570 425 1752 477 Περσῶν

281 492 615 545 διαφθείραντες
646 492 713 542 (sc.
742 487 911 543 στόλου,
945 497 985 532 ut
1017 496 1090 532 iam
1122 496 1328 544 proposuit
1359 493 1612 543 Dindorfius).

391 575 530 623 Itaque
561 574 674 612 etIam
708 573 805 612 haec
837 574 1009 611 narratio
1040 586 1086 611 ex
1119 574 1263 622 Ephori
1294 574 1432 613 hausta
1465 577 1522 612 est
1552 574 1650 612 libro
1680 575 1754 612 XII

281 642 343 689 (cf.
374 641 590 679 Muellerus
620 641 648 686 Ι,
679 642 786 687 264).
845 640 950 679 Idem
983 641 1060 678 alia
1091 641 1152 678 via
1190 644 1318 690 potest
1349 642 1521 690 probari.
1581 642 1753 679 Iustinus

280 709 378 746 enim
411 709 460 757 ΙΙ,
488 711 523 755 9,
553 711 590 757 9,
628 709 693 746 ubi
726 708 884 756 legitur:
935 708 1156 753 „instructis
1188 709 1320 746 decem
1354 709 1504 746 milibus
1537 709 1678 746 civium
1717 711 1755 746 et

279 776 573 814 Plataeensibus
595 774 887 824 auxilia1·ibus“,
910 787 1146 824 quamquam
1162 776 1338 824 paullum
1357 777 1519 814 mutavit
1538 788 1753 823 numerum,

280 856 380 892 quae
412 856 474 881 res
505 856 552 881 ex
584 855 715 881 errore
747 843 901 880 videtur
932 845 1018 880 orta
1048 854 1146 891 esse,
1176 843 1223 880 ab
1255 843 1392 881 eodem
1415 843 1521 882 fonte
1553 843 1753 893 dependet

280 923 357 960 quo
395 911 583 949 scholium
622 914 660 948 et
696 911 840 960 Nepos.
906 911 1024 959 Atqui
1063 911 1252 949 lustinum
1293 912 1331 948 in
1370 911 1426 948 his
1466 911 1754 949 narrationibus

281 979 478 1027 Ephorum
511 979 755 1016 consuluisse
790 978 875 1015 aliis
906 978 1034 1015 causis
1071 978 1250 1026 probavit
1283 978 1631 1028 Volquardsenius,
1669 979 1692 1016 l.
1721 991 1753 1015 a.

279 1059 314 1095 p.
337 1049 389 1085 30
403 1059 499 1096 sqq.‚
526 1059 563 1095 p.
586 1049 650 1085 66.
700 1047 804 1095 Ergo
829 1046 889 1083 vel
910 1049 1124 1095 propterea
1145 1047 1333 1084 scholium
1357 1049 1531 1084 nostrum
1555 1046 1604 1084 ad
1626 1046 1755 1096 Epho-

279 1127 363 1151 rum
395 1113 554 1152 recedit.
613 1114 692 1151 Iam
726 1114 886 1151 alteram
920 1113 1037 1150 habes
1076 1114 1113 1150 in
1147 1113 1302 1151 scholiis
1340 1114 1490 1152 numeri
1522 1114 1752 1152 mentionem

279 1181 327 1218 ad
350 1181 509 1219 eandem
533 1193 703 1230 pugnam
727 1181 968 1229 pertinentis,
1000 1193 1139 1230 nempe
1161 1181 1262 1218 Nub.
1286 1183 1382 1220 986:
1414 1174 1518 1226 τοὺς
1540 1176 1587 1218 ἐν
1607 1180 1753 1231 Μαρα-

282 1246 395 1284 θῶνι
437 1243 818 1298 τρωπωσαμέυούς
862 1241 944 1297 τὴν
982 1244 1166 1298 Δαρείου
1209 1241 1419 1297 στρατιὰν
1462 1238 1517 1298 ἣν
1559 1245 1687 1294 Δᾶτις
1729 1237 1752 1284 ὁ

280 1309 445 1353 τούτου
466 1308 704 1365 στρατηγὸς
734 1306 891 1365 ἤγαγεν
919 1301 1058 1353 οὖσαν
1088 1312 1185 1365 περὶ
1217 1309 1497 1365 πεντήκοντα
1528 1307 1752 1366 μυριάδας.

279 1385 419 1421 Nonne
441 1383 758 1422 verisimillimum
783 1388 840 1421 est
862 1396 884 1421 a
905 1383 1127 1432 scholiasta,
1158 1385 1387 1432 praesertim
1411 1396 1496 1421 cum
1525 1384 1754 1433 probaveri-

279 1463 362 1488 mus
390 1451 504 1488 unius
527 1449 717 1499 (Didymi)
740 1450 911 1489 laborem
944 1463 1061 1499 quam
1084 1452 1248 1488 maxime
1271 1463 1356 1489 esse
1380 1451 1694 1500 cognoscendum
1715 1451 1754 1488 in

277 1519 443 1568 scholiis,
481 1518 658 1563 eundem⁷
697 1519 761 1567 qui
794 1521 909 1556 antea
941 1519 976 1556 in
1012 1530 1121 1556 usum
1155 1521 1316 1556 vocatus
1349 1521 1419 1567 est,
1456 1518 1656 1567 Ephorum
1688 1518 1751 1555 ad-

276 1587 439 1624 hibitum
463 1587 574 1624 esse?
632 1585 744 1625 Unde
767 1587 947 1635 sequitur
979 1586 1082 1623 hunc
1105 1587 1330 1624 historicum
1362 1586 1526 1623 eundem
1550 1598 1752 1623 numerum

275 1654 504 1703 exposuisse
543 1666 657 1702 quem
689 1653 974 1691 Pseudo-Plato
1007 1653 1045 1691 in
1078 1654 1295 1691 Menexeno
1327 1666 1362 1701 p.
1394 1656 1473 1692 240
1511 1656 1548 1690 et
1580 1653 1750 1691 Pseudo-

276 1721 415 1769 Lysias
437 1722 474 1758 in
498 1723 592 1758 orat.
615 1720 764 1758 funebr.
789 1723 850 1759 21.
892 1719 966 1758 Sed
990 1720 1258 1758 difficultatem
1282 1720 1342 1758 hic
1365 1721 1455 1758 oriri
1481 1721 1752 1769 unusquisque

275 1788 386 1826 facile
424 1788 638 1837 intelleget,
680 1800 766 1826 cum
808 1789 941 1837 Nepos
982 1791 1161 1826 numeret
1204 1791 1394 1833 200000,
1436 1788 1606 1826 Iustinus
1649 1788 1698 1836 ΙΙ,
1729 1790 1751 1825 9

276 1858 354 1894 600
368 1854 520 1901 00015)7
553 1868 719 1905 quorum
742 1859 950 1904 utrumque
973 1855 1019 1893 ab
1042 1856 1175 1893 eodem
1201 1856 1359 1905 Ephoro
1383 1855 1607 1904 dependere
1638 1860 1754 1893 antea

274 1923 450 1961 vidimus.
523 1924 643 1972 Atqui
694 1935 822 1972 neque
869 1924 968 1961 inter
1009 1935 1048 1961 se
1095 1936 1223 1972 neque
1270 1935 1355 1961 cum
1402 1923 1614 1961 scholiasta
1663 1935 1752 1960 con-

274 1992 457 2039 sentiunt,
488 1993 530 2027 ut
562 2002 644 2028 mea
666 1991 909 2028 ratiocinatio
941 1991 1004 2028 hie
1032 1991 1115 2028 sola
1138 2002 1183 2027 ea
1206 2003 1246 2027 re
1278 1990 1497 2039 adiuvetur,
1529 1989 1634 2039 quod
1666 2002 1752 2028 cum

276 2062 391 2095 antea
421 2059 458 2095 in
483 2058 615 2096 eadem
641 2070 682 2095 re
713 2058 914 2107 Ephorum
940 2058 1139 2096 videamus
1169 2069 1254 2096 esse
1277 2062 1518 2106 usurpatum,
1550 2057 1753 2106 probabile

274 2129 332 2163 est
363 2125 528 2163 eundem
561 2125 621 2163 hic
650 2137 807 2174 quoque
839 2125 1051 2163 adhibitum
1076 2137 1169 2163 esse.
1229 2125 1448 2163 Diversitas
1471 2127 1599 2162 autem
1623 2136 1753 2162 nume-

275 2205 405 2230 rorum
438 2192 633 2241 quomodo
665 2193 713 2230 sit
744 2192 974 2241 explicanda
1011 2191 1085 2229 dici
1117 2191 1269 2240 nequit:
1306 2195 1520 2240 potuerunt
1551 2192 1684 2240 Nepos
1715 2194 1752 2229 et

277 2259 447 2296 lustinus
480 2257 670 2307 (Trogus)
703 2270 772 2296 suo
806 2271 853 2297 ex
884 2259 1041 2296 arbitriO
1073 2261 1140 2296 aut
1170 2259 1243 2296 alio
1267 2262 1428 2296 auctore
1451 2258 1570 2296 adiuti
1603 2257 1750 2307 Ephori

276 2339 478 2364 numerum
511 2330 759 2371 commutare,
792 2329 921 2375 potest
943 2327 1057 2364 etiam
1081 2326 1245 2375 cogitari
1273 2338 1475 2364 numerum
1499 2326 1535 2363 in
1558 2326 1604 2363 iis
1625 2338 1750 2362 exem-

272 2393 460 2441 plaribus,
491 2406 593 2441 quae
625 2394 663 2430 in
696 2405 811 2431 manu
843 2393 1043 2439 haberent,
1074 2393 1193 2431 fuisse
1225 2396 1463 2442 corruptum.

385 2511 425 2550 H)
459 2507 578 2543 Addit
603 2507 755 2543 Aldina:
792 2505 842 2550 ὠς
881 2506 1108 2554 ἐξισωθῆναι
1150 2506 1212 2553 τὴν
1246 2512 1320 2543 τῶν
1352 2504 1553 2553 Ἀθηναίων
1591 2505 1745 2550 δύναμιν

274 2567 313 2607 τῇ
339 2565 509 2609 Περσῶν,
541 2566 597 2598 eui
625 2565 870 2599 additamento
902 2565 980 2599 sine
1010 2566 1122 2599 dubio
1147 2575 1167 2599 a
1195 2566 1341 2599 Musuro
1370 2566 1450 2608 ipso
1484 2565 1571 2598 ficto
1607 2564 1748 2608 aliquid

268 2620 493 2654 auctoritatis
525 2620 653 2654 tribuit
684 2621 891 2664 Campeius,
924 2621 980 2655 De
1012 2630 1134 2664 pugna
1157 2620 1388 2663 Marathonia,
1421 2620 1630 2664 Gryphisw.
1661 2623 1740 2654 1867

268 2687 301 2718 p.
324 2680 372 2717 12,
405 2677 464 2719 qui
490 2687 561 2710 non
587 2677 703 2710 minus
728 2675 820 2710 falso
845 2677 998 2711 credidit
1028 2688 1060 2720 p.
1087 2680 1120 2711 13
1155 2681 1362 2720 corruptum
1394 2676 1483 2709 illud
1514 2670 1732 2720 ,Ἀρτάβαζον

267 2731 311 2764 ad
338 2732 556 2774 singularem
582 2732 776 2766 ostendere
801 2731 951 2767 fontem.

380 2787 422 2828 15)
456 2786 510 2820 (If.
535 2787 741 2830 Campeius,
766 2788 786 2821 l.
807 2796 836 2820 a.
864 2798 896 2830 p.
919 2791 968 2821 11.
994 2790 1045 2822 12.
