1815 3231
1389 172 1464 207 :391

0 298 80 323 wera
116 289 154 323 et
190 286 251 323 hic
283 289 442 334 praeter
474 286 723 323 Polemonem
757 284 1117 321 1⁴]rat0sthenem
1157 284 1192 320 in
1233 295 1342 321 nsum
1382 294 1467 319 esse

0 356 181 400 locatum,
218 356 256 391 et
292 356 371 391 tres
409 366 475 391 eas
512 354 703 390 victorum
744 352 959 390 mentiones
997 352 1033 389 in
1073 351 1230 389 scholiis
1267 356 1468 389 exstantes

0 421 34 458 id
69 433 154 458 eum
188 421 384 459 recedere.
445 421 597 468 Quibus
620 420 805 470 expositis
838 420 910 456 iam
941 420 1069 456 elucet
1101 418 1296 467 quomodo
1328 430 1467 455 nomen

0 487 94 537 {uod
134 492 360 537 corruptum
400 500 486 525 esse
517 487 685 524 vidimus
723 487 769 524 sit
801 485 1079 535 corrigendum
1112 486 1147 523 in
1181 486 1348 534 scholio;
1379 485 1470 522 scri-

0 554 161 593 Jendum
196 556 295 593 enim
328 545 541 603 'Eqw'tcov
567 547 824 599 Μαινάλιος.
888 554 1085 591 Habemus
1117 554 1236 602 igitur
1267 553 1340 591 tria
1372 565 1472 590 nova

0 623 261 661 Eratosthenis
302 622 521 673 fragmenta
562 623 680 661 schol.
710 622 805 660 Ach.
834 624 913 661 214
957 623 979 659 l.
1011 624 1070 659 19.
1106 624 1174 669 2Ο;
1219 622 1332 670 Vesp.
1368 623 1469 659 1191

0 720 14 727 ,.
38 694 109 739 49;
141 691 212 737 Av,
237 694 315 731 283
350 692 372 729 l.
395 695 459 730 43.
488 694 552 730 44.

106 771 147 807 ln
172 770 292 808 schol.
310 770 407 808 Ach.
424 772 502 808 527
526 770 712 819 leguntur
734 769 829 806 haec
853 769 924 806 1.4.
948 770 987 806 5;
1016 756 1041 818 ἡ
1060 763 1105 804 δὲ
1124 756 1330 804 Ἀσπασία
1349 764 1475 816 ΙΙιρι-

0 833 146 881 κλέους
168 827 224 886 ἦν
248 833 482 887 σοφίστρια
504 833 572 873 καὶ
600 829 861 879 διδάσκαλος
885 828 1030 885 λόγων
1054 828 1323 885 ῥητορικῶν·
1358 825 1475 870 {³61⁶-

0 915 73 954 ρον
110 900 155 942 δὲ
194 901 266 942 καὶ
304 898 466 954 γαμετὴ
500 900 665 954 γέγονε,
703 917 815 953 quac,
852 916 936 941 cum
975 902 1249 941 antecedentia
1286 905 1328 940 nt
1358 902 1475 939 schol.

0 973 88 1010 Pac.
106 975 186 1011 502
209 985 228 1010 e
253 976 392 1022 poetae
416 973 536 1022 ipsius
553 972 681 1010 verbis
703 976 740 1009 ct
762 971 1058 1009 scholiastarum
1082 971 1248 1019 ingeniis
1277 974 1369 1008 nata
1391 969 1480 1018 sint,

0 1041 163 1079 sobrium
183 1041 368 1079 exhibent
385 1041 587 1088 iudicium;
609 1040 676 1078 sed
700 1053 787 1078 cum
811 1039 1004 1089 permulta
1027 1039 1074 1076 de
1092 1039 1241 1077 Pericle
1259 1042 1297 1076 et
1314 1038 1479 1088 Aspasia

0 1110 171 1158 antiquis
193 1109 432 1158 temporibus
455 1112 723 1157 narrarentur,
745 1108 848 1146 unde
872 1108 968 1146 haec
991 1111 1145 1156 sumpta
1162 1107 1250 1156 sint,
1272 1109 1381 1144 certo
1404 1105 1478 1143 dici

0 1177 144 1226 nequit,
183 1190 419 1227 quamquam
458 1180 636 1215 naturam
676 1176 794 1223 fontis
832 1177 923 1214 licet
957 1175 1142 1213 indicare.
1202 1175 1354 1212 Etenim
1394 1186 1479 1212 cum

0 1246 46 1284 ad
81 1247 212 1295 Equit.
238 1249 313 1285 132
348 1247 502 1294 legatur
532 1237 900 1294 προβατοπώλης
931 1234 1012 1280 τὸν
1036 1239 1234 1281 Καλλίαν
1265 1238 1376 1292 λέγει
1409 1238 1477 1279 καὶ

0 1304 77 1365 τὴν
106 1311 337 1351 πολιτείαν
369 1308 504 1352 αὐτοῦ
537 1313 759 1362 (hucusque
783 1315 828 1350 lt:
860 1310 1028 1357 Martin).
1077 1306 1192 1356 τινὲς
1224 1307 1269 1347 δὲ
1301 1300 1365 1347 ὅτι
1400 1309 1481 1348 Λυ-

0 1376 142 1418 σικλέα
164 1377 287 1431 λέγει,
320 1371 367 1426 ὃς
388 1373 745 1432 προβατοπώλης
767 1375 954 1429 ἐλέγετο.
987 1366 1023 1429 ᾧ
1044 1371 1241 1429 ἐγαμήθη
1264 1368 1481 1420 Ἀσπασία,

0 1449 61 1486 cui
95 1449 148 1486 rei
189 1448 302 1486 fidem
340 1449 421 1486 fieri
460 1449 579 1486 Arist.
612 1449 710 1496 Eqn.
744 1459 858 1484 versu
893 1449 972 1485 764
1012 1459 1088 1483 non
1127 1446 1258 1494 inepte
1299 1445 1483 1492 exposuit

1 1517 537 1566 Muellerus-Struebingius‚
581 1516 684 1565 apud
726 1516 829 1553 Plut.
862 1517 925 1563 24,
954 1517 976 1552 2
1018 1514 1236 1551 invenimus
1278 1507 1484 1562 Αἰσχίνης

1 1581 48 1622 δέ
87 1593 191 1636 φησι
237 1581 305 1622 καὶ
352 1580 572 1622 Λυσικλέα
618 1577 698 1620 τὸν
743 1575 1106 1633 προβατοπώλην
1147 1611 1154 1618 .
1191 1611 1197 1618 .
1233 1611 1240 1618 .
1282 1570 1487 1632 Ἀσπασία

3 1644 195 1690 συνόντα
226 1644 334 1703 μετὰ
362 1645 444 1702 τὴν
467 1648 731 1701 Περικλέους
752 1643 965 1700 τελευτήν
997 1649 1092 1687 κτλ.
1126 1653 1164 1687 et
1195 1648 1300 1698 apud
1335 1649 1485 1697 Harpo-

3 1724 97 1759 crat.
127 1734 155 1760 s.
178 1734 213 1758 v.
239 1712 441 1759 Ἀσπασία
480 1724 638 1770 practer
669 1720 747 1757 alia
787 1719 899 1756 haec:
941 1716 1153 1755 Λυσικλεῖ
1182 1712 1227 1753 δὲ
1257 1713 1320 1766 τῷ
1354 1711 1485 1766 δημα-

2 1786 132 1840 γωγῷ
163 1781 458 1840 συνοικήσασα
489 1780 705 1838 ποριστὴν
736 1779 857 1836 ἔσχεν
889 1774 949 1830 (ὃς
980 1774 1002 1821 ὁ
1033 1775 1325 1834 Σωκρατικὸς
1347 1778 1486 1832 Αἰσχί-

4 1867 83 1908 νης
112 1852 257 1908 φησίν.
319 1856 431 1894 Unde
464 1858 572 1905 patet
602 1858 640 1893 et
670 1855 790 1892 schol.
814 1855 911 1902 Equ.
938 1855 1013 1891 132
1047 1865 1197 1890 summa
1229 1863 1315 1889 cum
1350 1850 1488 1900 proba-

5 1925 156 1963 bilitate
188 1923 397 1962 Aeschinis
428 1923 615 1961 Socratici
649 1922 808 1970 dialogo
841 1921 974 1959 deberi
1008 1924 1045 1958 et
1075 1921 1171 1957 alias
1202 1918 1392 1958 eiusmodi
1427 1929 1490 1955 res

7 1992 45 2030 in
69 1991 226 2030 scholiis
248 1993 437 2039 servatas,
468 1990 610 2039 quibus
642 1989 691 2027 de
713 1988 875 2026 Periclis
899 1990 937 2025 et
954 1987 1145 2036 Aspasiae
1168 1987 1286 2024 rebus
1309 1985 1489 2023 domesti-

8 2060 63 2097 cis
95 2062 236 2108 agatur
267 2059 314 2097 ad
339 2059 454 2096 huius
476 2058 634 2106 generis
656 2056 785 2095 fontes
808 2068 1026 2105 recurrere,
1058 2067 1200 2103 nempe
1232 2053 1281 2091 ad
1314 2053 1491 2101 dialogos

8 2126 240 2165 Socraticos.
299 2127 399 2164 Nam
437 2125 486 2163 ad
517 2124 665 2162 fontem
706 2136 784 2161 non
816 2123 870 2160 ita
901 2125 1098 2161 recentem
1139 2134 1185 2159 ea
1214 2120 1399 2159 recedere
1430 2119 1493 2157 vel

9 2194 100 2232 inde
130 2195 319 2244 sequitur,
350 2192 456 2243 quod
488 2205 509 2230 e
537 2192 750 2230 sescenties
774 2191 851 2228 illis
873 2190 1015 2228 fabulis
1048 2189 1096 2228 de
1128 2189 1299 2238 Aspasia
1336 2188 1425 2225 lena
1457 2189 1495 2224 et

11 2263 214 2300 meretrice
251 2261 350 2300 fictis
388 2273 436 2299 ne
474 2272 590 2298 unam
628 2258 784 2308 quidem
821 2259 1008 2306 afferunt,
1045 2268 1162 2306 quas,
1202 2257 1234 2294 si
1273 2255 1495 2294 comoedias

12 2330 167 2379 omittis,
196 2332 286 2368 ante
316 2329 482 2378 primum
513 2340 548 2377 p.
573 2327 661 2366 Chr.
683 2339 718 2364 11.
750 2326 951 2364 saeculum
985 2328 1090 2363 ortas
1123 2337 1201 2362 non
1235 2335 1321 2362 esse
1357 2323 1494 2373 proba·

13 2398 68 2436 vit
99 2398 143 2436 A.
165 2395 467 2442 Schmidtius.15)

128 2478 206 2514 Iam
228 2478 384 2514 exstant
404 2474 597 2513 nonnulla
619 2473 770 2510 scholia
793 2472 990 2521 historica,
1021 2483 1122 2520 quae
1153 2470 1201 2508 ad
1231 2473 1379 2508 certum
1411 2468 1495 2506 fon-

16 2549 91 2582 tem
124 2557 201 2582 non
233 2546 401 2592 possunt
431 2541 580 2580 referri.
641 2541 728 2578 Huc
759 2540 924 2588 primum
964 2538 1192 2576 referuntur
1223 2550 1280 2586 ea,
1317 2548 1417 2586 quae
1450 2536 1496 2573 de

17 2612 189 2660 Coesyra
218 2611 413 2659 leguntur,
452 2621 615 2659 quornm
650 2610 799 2657 partem
836 2619 858 2643 a
889 2605 1058 2655 Didymo
1098 2608 1221 2643 ortam
1259 2616 1343 2642 esse
1381 2607 1497 2641 antea

18 2678 268 2728 probavimus
299 2677 362 2723 (cf.
393 2690 429 2726 p.
452 2675 561 2721 231).
622 2675 752 2713 Habes

137 2799 176 2839 ¹⁵)
210 2796 227 2830 Ι,
247 2805 276 2828 a.
295 2795 310 2828 1
337 2806 370 2838 p.
389 2797 452 2829 296
468 2804 546 2837 sqq.
