1815 3231
1443 199 1492 231 qr)

1444 222 1476 232 ..ι

15 291 139 329 altera
170 293 278 330 notio
309 291 347 330 in
379 293 542 331 alteram
576 296 701 344 possit
732 299 908 343 transire,
941 300 961 336 i.
989 313 1019 337 c.
1049 314 1161 349 quam
1185 306 1265 341 arto
1298 305 1395 342 (lunc
1430 320 1491 343 no-

16 359 141 397 tiones
176 359 277 398 inter
308 372 350 398 so
388 361 637 408 cohaereant,
670 376 724 401 vs.
751 376 775 399 τ
804 368 884 403 494-
923 379 1042 415 supra
1073 369 1213 407 allatus
1254 385 1321 409 nos
1353 373 1491 410 ‹lom-ro,

15 425 184 476 videtur,
225 427 287 465 ubi
321 428 458 466 eodem
491 429 573 468 fere
605 431 688 469 inre
725 434 922 479 generalis
956 436 1058 472 notio
1090 449 1131 473 sc
1166 438 1329 476 habendi
1368 443 1493 489 potvst

15 493 177 532 admitti.
237 495 323 542 Quo
356 496 442 535 loco
475 497 575 536 duae
598 499 777 537 notiones
810 500 1020 540 obsistendi
1054 507 1090 541 ct
1120 516 1158 541 sc
1184 506 1347 544 habendi
1381 510 1490 557 qnasi

15 574 56 600 se
87 562 297 611 attingunt.

128 641 269 691 Verbo,
300 643 329 680 si
362 644 435 681 hac
463 645 499 681 vi
531 647 706 693 generali
738 652 795 685 cst
827 650 1059 699 praeditum,
1091 663 1244 701 semper
1275 655 1377 702 apud
1415 656 1488 691 110-

14 720 160 746 merum
207 709 436 749 adverbium
484 712 533 749 ad
574 714 681 751 verbi
727 716 922 753 notionem
968 720 1189 757 accuratius
1235 720 1487 759 dctinivnthnn

13 777 238 826 appositum
271 790 355 816 esse
387 779 495 817 solet.
550 772 656 829 Ἔχω
692 795 776 819 cum
810 784 915 833 apud
949 786 1158 824 Homerum
1199 792 1277 824 tum
1312 792 1488 837 tempori-

13 843 87 881 bus
117 845 403 892 posterioribus
435 847 717 896 propemodum
750 849 848 887 idem
878 856 915 888 et
942 852 1169 891 tantundem
1199 855 1301 891 valet
1332 868 1376 892 ac
1406 869 1489 892 vrr-

13 909 102 948 bum
135 906 231 960 εἰμί.
289 910 335 948 ff
353 915 450 951 557:
484 903 591 951 οὐδέ
622 909 662 951 οἱ
695 910 818 965 ἔγχος
850 907 906 966 ἔχ)
930 908 1127 968 ἀτρέμας,
1160 920 1221 957 ubi
1249 921 1419 959 Seilerus
1452 930 1487 959 ct

12 977 282 1028 Ebelingius1)
321 984 458 1030 aperte
501 985 638 1020 contra
675 996 808 1021 verum
847 997 1001 1023 sensum
1041 992 1261 1025 statuerunt
1299 990 1487 1038 signitica-

12 1045 156 1084 tionem
186 1046 409 1085 obsistendi.

124 1125 253 1163 Dictio
284 1125 351 1163 illa
381 1117 429 1163 εὖ
460 1121 572 1177 ἔχειν
610 1141 657 1166 ex
689 1130 818 1167 soluta
848 1133 1022 1170 oratione
1061 1133 1257 1172 notissima
1293 1136 1411 1173 semel
1450 1137 1485 1173 in

12 1189 202 1249 Odyssea,
233 1203 269 1228 ω
292 1195 389 1231 245:
422 1183 520 1231 ἀλλ’
543 1186 590 1231 εὖ
620 1206 690 1233 τοι
722 1191 878 1248 κομιδὴ
908 1192 1004 1247 ἔχει,
1035 1200 1238 1249 reperitur.

123 1271 456 1321 Significationem
501 1277 631 1313 tamen
677 1277 796 1325 paulo
839 1278 961 1327 magis
1007 1279 1242 1327 singularem
1293 1280 1369 1318 duo
1415 1282 1485 1318 lovi

11 1338 213 1388 Odysseae
250 1340 434 1379 exhibere
465 1342 666 1381 videntur:
710 1354 739 1393 μ
766 1347 863 1383 435:
902 1339 1011 1394 ῥίζαι
1045 1340 1124 1395 γὰρ
1160 1340 1258 1391 ἑκὰς
1295 1341 1411 1397 εἶχον
1451 1353 1488 1386 ct

12 1418 36 1443 τ
57 1409 126 1446 38:
157 1403 230 1444 καὶ
251 1403 399 1453 κίονες
419 1398 550 1459 ὑψόσ)
567 1404 739 1459 ἔχοντες
764 1407 766 1461 fl
791 1403 1005 1459 φαίνοντ’.
1067 1414 1242 1463 Utroque
1266 1415 1350 1453 loco
1384 1417 1487 1453 notio

10 1474 222 1523 singularis
259 1476 472 1525 „pertineo,
503 1478 710 1527 porrigor“
746 1481 867 1528 magis
900 1493 1014 1529 quam
1042 1482 1226 1520 universa
1256 1495 1297 1520 se
1319 1483 1487 1521 habendi

10 1544 104 1591 apta
135 1554 218 1581 esse
249 1543 416 1582 videtur.
476 1545 656 1584 Ceterum
689 1547 876 1585 confiteor
908 1560 966 1586 me
999 1561 1075 1587 non
1104 1550 1198 1586 satis
1229 1551 1487 1599 perspexisse,

10 1612 140 1647 utrum
171 1609 227 1648 illi
258 1611 466 1651 universae
496 1614 645 1652 notioni
677 1626 719 1652 se
751 1615 920 1653 habendi
958 1619 1124 1666 uterque
1160 1617 1271 1655 locus
1306 1618 1488 1655 adnume-

10 1676 160 1715 randus
192 1678 242 1716 sit
271 1690 408 1718 necne.

125 1768 302 1808 Vidimus
319 1770 438 1820 igitur
460 1772 536 1809 vim
555 1772 842 1812 intransitivam
865 1774 993 1824 ellipsi
1015 1777 1052 1812 et
1069 1775 1306 1813 obiectorum
1325 1770 1487 1818 ἵπποι-ς

9 1837 130 1885 atque
161 1834 247 1887 νῆα
283 1841 323 1877 et
352 1839 514 1878 aliorum
546 1840 786 1879 obiectorum
825 1842 1031 1880 cuiuslibet
1061 1842 1216 1891 generis
1254 1843 1291 1879 in
1324 1842 1483 1879 verbum

9 1903 229 1954 irrepsisse.
288 1907 349 1945 Ne
376 1911 504 1946 autem
536 1921 702 1958 cogerer
732 1909 892 1947 verbum
925 1910 1086 1947 diversis
1114 1913 1353 1959 pertractare
1381 1910 1484 1954 locis,

8 1975 127 2022 prout
170 1973 329 2012 diversa
371 1976 540 2014 notionis
579 1978 851 2016 intransitivae
895 1979 1003 2027 origo
1046 1978 1212 2028 flagitat,
1255 1982 1369 2027 atque
1414 1978 1485 2015 hoc

10 2041 124 2080 modo
154 2042 192 2080 in
223 2042 322 2082 duas
349 2048 480 2094 partes
513 2045 745 2095 discindere>
776 2047 849 2084 iam
872 2046 933 2084 hic
966 2058 1099 2084 omncs
1121 2046 1298 2084 notiones
1326 2045 1484 2089 absolvi,

10 2112 52 2148 ut
83 2111 246 2149 verbum
278 2112 350 2150 sub
382 2126 459 2152 uno
492 2118 654 2164 aspectu
686 2117 911 2164 poneretur.

623 2301 664 2344 2.
704 2295 761 2341 ἄν
771 2301 821 2355 ἐχ
830 2316 876 2341 m.

122 2394 180 2432 Cf.
213 2395 318 2434 Curt.
347 2397 426 2436 Et.⁵
447 2400 546 2448 3063
580 2394 764 2436 Vanicek.
787 2399 814 2447 1,
837 2401 905 2448 293
936 2398 1181 2447 Delb1·ucck.‚
1209 2397 1483 2446 Syntaktische

9 2462 294 2513 Forschungen
326 2466 390 2515 IV,
413 2469 492 2505 128
530 2467 578 2505 de
610 2456 709 2513 (Ξυά,
749 2468 860 2505 cuius
897 2467 1124 2517 significatio
1167 2466 1367 2513 „sursum“
1409 2471 1482 2513 cst3

9 2542 102 2581 ergo
136 2521 277 2581 ἅνέχω
308 2533 504 2582 significat
539 2547 716 2581 „sursum
749 2534 902 2573 teneo“.

123 2687 149 2726 ¹)
182 2687 334 2721 Nomine
352 2687 534 2732 Ebelingii
560 2688 751 2723 brevitatis
769 2697 880 2723 causa
905 2688 1073 2732 significo
1098 2698 1220 2722 omnes
1238 2692 1358 2731 partes
1376 2686 1482 2720 lexici

8 2740 208 2786 Homerici,
245 2744 345 2787 quod
375 2754 396 2778 a
426 2745 676 2789 compluribus
711 2744 916 2779 hominibus
951 2744 1066 2778 doctis
1097 2743 1336 2787 compositum
1368 2749 1403 2777 et
1436 2743 1480 2776 ab

6 2797 202 2841 Ebelingio
227 2800 366 2834 editum
392 2804 459 2837 est.
