1815 3231
1445 185 1524 220 305

46 296 121 348 τῆς
153 297 246 336 τῶν
275 289 515 348 Ἀχαρνέων
550 293 829 340 διδασκαλίας
852 290 886 345 γ’
910 290 984 346 ἔτη
1008 291 1115 333 εἰσίν
1147 296 1184 341 (l.
1209 295 1275 340 17)
1308 298 1523 344 temporum

44 379 120 405 non
159 367 258 404 bene
296 367 446 404 ratione
486 365 620 403 habita
659 365 771 412 dixit,
809 367 850 402 ut
888 377 963 401 non
1003 363 1049 400 ad
1088 363 1274 401 tredecim
1311 375 1448 411 annos,
1486 366 1527 399 ut

44 438 170 483 pocta,
207 434 275 472 scd
315 433 365 471 ad
403 446 544 471 novem
584 433 820 482 perveniret.
891 431 1043 469 Deinde
1081 431 1357 469 Philochorum
1400 431 1524 479 ipsum

44 501 242 540 consuluit
274 490 386 538 ἀλλὰ
415 496 487 537 καὶ
519 492 762 549 Φιλόχορος
793 520 846 524 ——
876 492 980 543 τοὺς
1008 491 1210 548 χρόνους.
1271 497 1345 535 Sed
1378 498 1440 534 liic
1473 498 1525 534 vi—

43 570 138 607 tium
179 569 284 607 latet.
353 568 552 617 Incipiens
593 568 692 605 enim
741 580 763 604 a
804 565 1048 615 Pythodoro,
1091 566 1300 603 archontes
1341 564 1526 612 deinceps

43 639 259 686 enumerat,
291 638 388 685 quot
409 638 526 684 poeta
548 635 650 684 dicit,
682 634 880 682 tredecim,
912 633 980 672 sed
1009 646 1095 671 cum
1124 633 1308 671 [sarchus
1337 629 1526 679 (424l23)

45 709 208 743 octavus
239 704 290 741 sit
319 716 342 741 a
372 703 614 752 Pythodoro,
649 703 765 740 huius
798 714 939 740 nomen
977 704 1205 749 corruptum
1243 713 1325 739 csse
1363 704 1528 749 constat,

46 775 89 810 ut
119 772 269 810 scribas
298 766 443 820 μέχρις
472 761 638 819 Ἀρχίου
669 782 740 819 pro
771 765 893 818 μέχρι
924 759 1116 817 Ἰσάρχου
1148 767 1255 814 (anni
1278 766 1446 816 419518,
1477 767 1527 805 cf.

46 840 202 879 Cliuton
232 840 268 877 II
300 852 335 889 p.
366 837 433 884 72)
479 839 560 875 vitii
604 838 756 887 origine
802 837 916 874 facilc
958 836 1176 882 intellecta,
1223 848 1308 873 cum
1353 836 1482 873 littera
1514 847 1527 871 ι

45 909 102 946 bis
150 907 399 946 scriberetur.
475 907 554 943 Iam
606 918 628 942 a
674 905 911 943 Philochoro
959 916 1117 953 quoquc
1169 904 1334 953 probato
1389 907 1526 952 poetae

45 987 179 1013 errore
211 973 260 1012 ad
291 973 566 1022 Thucydidem
598 973 776 1021 accessit,
812 972 878 1021 qui
910 983 1050 1009 revera
1087 984 1189 1009 nono
1221 984 1323 1008 anno
1355 971 1527 1008 indutias

46 1042 172 1081 factas
204 1053 290 1080 esse
321 1040 537 1079 secundum
570 1041 760 1078 rationem
793 1051 908 1088 quam
941 1039 1118 1088 sequItur
1158 1038 1338 1088 exposuit
1379 1038 1441 1084 (cf.
1474 1038 1525 1074 IV

49 1112 140 1159 117,
164 1111 202 1153 1;
235 1110 326 1157 135,
349 1106 400 1156 2),
432 1119 517 1145 cum
549 1106 646 1144 illud
669 1097 956 1143 ἀπολείπεται
982 1098 1101 1155 παρὰ
1127 1098 1181 1141 τὰ
1208 1098 1252 1140 θ’
1276 1098 1362 1154 ἔτη,
1395 1116 1526 1153 quam-

47 1189 162 1227 quam
209 1176 442 1214 insolentius
488 1174 634 1212 dictum
681 1178 751 1223 cst,
795 1173 975 1212 videatur
1016 1172 1252 1222 significare:
1301 1185 1366 1218 „cr
1409 1172 1528 1209 bleibt

47 1245 183 1284 stehen
215 1244 277 1282 bei
306 1245 328 1282 9
356 1242 429 1282 J‚“.

161 1309 230 1358 36)
278 1312 461 1360 Denique
497 1310 622 1348 Thuc.
660 1309 860 1348 adhibitus
896 1312 954 1347 est
992 1312 1029 1347 et
1065 1309 1103 1346 in
1140 1308 1260 1346 schol.
1287 1308 1379 1357 Lys.
1410 1309 1526 1352 1094,

48 1381 111 1419 ubi
150 1392 238 1418 cum
276 1379 445 1417 maxima
475 1390 569 1428 pars
606 1377 655 1415 ad
693 1377 973 1416 Philochorum
1013 1374 1077 1425 (cf.
1108 1376 1319 1414 Muellerus
1351 1375 1422 1424 srg.
1449 1378 1527 1413 110

49 1465 101 1480 =
134 1451 151 1487 I
188 1461 224 1498 p.
251 1443 349 1497 402)
385 1445 642 1498 pertineat42)
685 1451 841 1496 praeter
878 1459 965 1485 cum
1009 1445 1208 1483 consultus
1246 1447 1305 1482 cst
1347 1443 1528 1493 Thucyd.

49 1518 112 1564 VI,
139 1519 203 1565 53,
228 1520 262 1566 1,
292 1520 331 1554 et

163 1583 232 1631 37)
274 1585 394 1622 schol.
422 1585 518 1622 Ran.
547 1586 625 1622 541
660 1584 683 1622 l.
706 1586 774 1623 23:
812 1573 835 1619 ὁ
862 1578 1136 1632 Θουκυδίδης
1167 1577 1212 1620 δὲ
1245 1572 1381 1618 αὐτὸν
1413 1576 1528 1617 ἐπαι-

49 1657 126 1700 νεῖ,
157 1654 204 1692 cf.
230 1653 356 1691 Thuc.
379 1653 482 1698 VIII,
504 1653 568 1701 68,
590 1655 626 1690 4.

659 1968 834 2020 Caput
865 1968 926 2012 V.

164 2070 496 2120 Xenophontis
527 2069 712 2106 librorum
745 2080 823 2106 non
845 2067 897 2106 ita
918 2069 1040 2106 multa
1067 2071 1224 2106 exstant
1245 2069 1419 2118 vestigia,
1449 2070 1530 2117 qui-

51 2139 123 2177 bus
161 2149 228 2176 eos
265 2149 350 2175 esse
388 2135 583 2174 adhibitos
626 2139 693 2173 aut
729 2136 835 2173 clare
871 2135 1067 2173 indicatur
1107 2141 1175 2173 aut
1210 2135 1301 2173 licet
1338 2136 1530 2174 concludi.

54 2208 105 2246 Ut
148 2208 306 2256 praeter
349 2205 469 2242 schol.
502 2205 561 2242 III
601 2204 826 2252 Plut.173,
870 2203 917 2241 de
961 2216 1039 2252 quo
1081 2203 1184 2241 infra
1220 2203 1446 2252 videbimus,
1494 2209 1532 2242 ct

52 2274 176 2312 schol.
203 2275 300 2311 Rau.
331 2274 436 2312 1422
469 2271 491 2310 l.
519 2274 584 2321 28,
621 2271 668 2310 de
706 2284 784 2320 quo
821 2271 858 2308 in
896 2271 1022 2320 capite
1049 2271 1097 2308 VI
1135 2269 1321 2319 dicemus,
1356 2270 1405 2308 ad
1443 2283 1530 2308 eum

54 2404 237 2438 tellectum
263 2407 330 2447 est,
355 2413 436 2437 cum
462 2402 552 2436 alter
576 2405 725 2446 putaret
750 2397 792 2434 τὸ
816 2414 838 2445 χ
864 2401 1087 2446 adscriptum
1113 2411 1206 2443 esse,
1235 2400 1321 2443 quia
1345 2400 1531 2444 Ephudio-

52 2460 108 2494 nis
141 2469 273 2494 nomen
309 2469 388 2494 cum
421 2468 539 2493 rerum
572 2459 729 2493 veritate
765 2462 1001 2500 congrueret,
1037 2457 1142 2500 alter,
1181 2458 1268 2501 quia
1299 2457 1374 2492 ficti
1407 2463 1531 2492 essent

52 2516 225 2550 homines.

167 2574 209 2614 42)
241 2572 298 2606 De
322 2582 360 2607 re
385 2570 430 2607 cf.
453 2572 655 2614 Gilbertus,
679 2571 788 2605 Beitr.
807 2582 835 2604 z.
853 2570 982 2605 iunern
1001 2570 1130 2605 Gesch.
1148 2570 1294 2605 Athens
1319 2582 1353 2615 p.
1372 2574 1435 2605 250
1451 2582 1530 2615 sqq.

54 2631 223 2666 Ceterum
248 2630 329 2673 ipse
353 2630 459 2664 vides
484 2633 629 2673 tempus
647 2629 714 2663 hoc
733 2628 868 2663 scholio
886 2629 1034 2662 allatum
1059 2625 1149 2672 (πρὸ
1171 2625 1267 2663 ἐτῶν
1285 2622 1314 2662 δ’
1331 2631 1395 2672 τῆς
1413 2626 1529 2664 καθέ-

54 2699 150 2728 octog
174 2683 311 2720 τούτου
336 2689 402 2721 τοῦ
421 2684 625 2731 δράματος)
648 2687 753 2720 aliter
778 2696 817 2720 se
842 2685 974 2719 habere
999 2689 1109 2728 atque
1126 2685 1197 2719 111111
1215 2686 1390 2719 nonnulla
1414 2688 1529 2729 magis

54 2743 247 2787 generalia,
272 2743 317 2777 de
341 2743 476 2786 quibus
502 2743 672 2777 vidimus.
719 2742 914 2785 Dependet
938 2751 959 2775 a
982 2741 1197 2776 Philochoro
1222 2741 1385 2776 adhibita
1409 2742 1528 2776 didas-

52 2800 142 2834 calia
166 2799 320 2833 fabulae.
