1830 3201
317 157 397 194 348

308 261 419 318 πρὸς
451 270 487 306 et
516 266 927 318 πολεμοποιοῦντας
958 281 1042 307 esse
1074 269 1335 309 scribendum.
1396 272 1453 310 De
1481 284 1522 310 re
1550 271 1596 310 cf.
1620 272 1777 312 Curtius

309 336 332 373 1.
352 349 383 373 a.
416 336 472 373 11⁵
504 350 540 386 p.
565 339 640 375 601
660 349 743 386 sqq.

425 414 490 461 10)
533 415 659 453 Schol.
690 416 780 453 Pac.
810 418 928 465 1031,
966 416 1029 454 ubi
1068 429 1154 455 cum
1194 418 1324 466 priore
1355 418 1503 456 scholio
1540 418 1589 456 ad
1621 419 1787 457 eundem

309 483 626 521 commentarium
666 483 886 533 recedente,
917 480 1002 533 {quo
1035 484 1208 530 alterum,
1247 485 1453 534 Eupolidis
1485 487 1607 524 verba
1638 490 1786 525 tantum

308 550 698 600 circumscribantur,
746 551 869 588 altero
918 551 1140 590 Philochori
1187 551 1448 602 fragmentum
1497 554 1658 591 affertur
1698 554 1787 592 hoc:

391 647 397 653 .
432 608 513 654 τὸν
542 608 701 667 μάντιν
729 614 971 669 Στιλβίδην
1002 610 1056 655 ὃν
1083 627 1186 670 φησι
1214 613 1456 670 Φιλόχορος
1484 610 1787 672 ἀκολουθῆσαι

305 681 352 721 ἐν
393 682 589 737 Σικιλίᾳ,
636 680 776 736 ἡνίκα,
811 681 1058 736 ἐπολέμουν
1100 678 1320 738 Ἀθηναῖοι
1362 684 1435 724 καὶ
1476 683 1536 733 εἰς
1576 686 1786 726 Σικελίαν

303 745 592 802 ἐστράτευσαν
633 752 698 800 (cf.
735 754 946 792 Muellerus
982 757 1076 794 113:
1119 756 1146 801 Ι,
1175 754 1291 805 402),
1332 756 1378 794 de
1419 769 1497 805 qua
1535 769 1576 794 re
1618 756 1784 795 eundem

304 820 580 858 Philochorum
600 822 795 860 consuluit
808 823 1047 860 Plutarchus
1065 823 1148 860 Nic.
1166 826 1235 862 23:
1262 821 1327 873 τῷ
1342 819 1490 873 μέντοι
1509 820 1640 876 Νικίᾳ
1659 832 1784 876 συνη-

304 883 438 939 νέχθη
460 881 561 925 τότε
581 885 747 940 μηδένα
767 882 926 939 μάντιν
948 883 1059 939 ἔχειν
1081 884 1299 941 ἕλιιπειρον.
1343 881 1365 928 ὁ
1388 885 1470 941 γὰρ
1492 885 1688 944 συνήθης
1710 883 1784 930 αὕ-

302 954 383 991 τοῦ
414 952 483 992 καὶ
517 950 568 993 τὸ
590 950 708 994 πολύ
733 955 810 1007 τῆς
832 954 1172 1008 δεισιδαιμονίας
1204 949 1406 1009 ἀφαιρῶν
1435 956 1672 1010 Στιλβίδης
1700 955 1783 997 ἕτε-

305 1016 458 1073 ἶὶνήκει
490 1018 649 1074 μικρὸν
680 1019 945 1075 ἔμπροσθεν.
997 1021 1092 1063 ἐπεὶ
1122 1019 1173 1063 τὸ
1206 1031 1398 1078 σημεῖον,
1430 1019 1490 1072 ὥς
1518 1035 1619 1078 φησι
1655 1018 1783 1065 Φιλό-

300 1102 432 1140 χορος
463 1085 702 1141 φεύγουσιν
733 1083 815 1129 οὐκ
846 1079 900 1144 ἦν
929 1087 1144 1145 πονηρόν,
1181 1085 1291 1131 ἀλλὰ
1327 1091 1399 1131 καὶ
1430 1088 1550 1132 πάνυ
1578 1088 1780 1146 χρηστόν.

394 1169 483 1217 ’11)
527 1172 655 1210 Schol.
681 1173 755 1210 Av.
785 1176 865 1213 556
903 1172 967 1220 (cf.
998 1173 1104 1212 Suid.
1134 1186 1162 1212 s.
1191 1187 1225 1211 V.
1262 1163 1284 1211 ὁ
1323 1167 1438 1225 ἱερὸς
1473 1167 1679 1225 πόλεμος,
1715 1175 1782 1223 qui

302 1238 450 1277 scholia
488 1240 526 1277 iu
559 1240 717 1278 brevius
755 1240 980 1287 contraxit).
1039 1241 1248 1290 Adscripta
1285 1245 1376 1279 sunt
1413 1241 1460 1280 ad
1493 1242 1596 1280 hunc
1626 1254 1780 1280 versum

302 1306 449 1344 scholia
481 1307 576 1346 duo:
614 1309 629 1345 I
662 1309 686 1346 l.
712 1311 871 1355 49-2,
904 1310 940 1346 II
971 1309 994 1346 l.
1025 1312 1184 1354 2—16,
1222 1321 1387 1358 quorum
1420 1310 1492 1348 hoc
1523 1313 1581 1348 est
1612 1310 1780 1348 uberius.

305 1374 382 1410 Iam
427 1375 457 1411 si
500 1378 654 1413 constat
694 1388 741 1413 ex
785 1375 921 1414 eodem
965 1377 1239 1415 commentario
1280 1377 1437 1414 fluxisse
1477 1377 1635 1425 scholia,
1675 1376 1779 1426 quod

307 1445 415 1489 patet
445 1454 492 1479 cx
524 1444 642 1480 totius
665 1444 899 1481 narrationis
930 1446 1078 1491 tenore,
1110 1456 1197 1481 cum
1228 1444 1266 1481 in
1289 1447 1457 1493 utroque
1488 1447 1527 1481 et
1556 1443 1781 1493 proferatur

306 1502 549 1560 Φιλόχορος
585 1504 632 1547 ἐν
662 1508 714 1559 τῇ
746 1504 780 1547 δ’
819 1514 857 1549 et
893 1511 1073 1559 legantur
1111 1511 1245 1550 eadem
1282 1512 1419 1550 verba:
1462 1504 1540 1549 δύο
1579 1504 1779 1561 γεγόνασι

300 1570 485 1626 πόλεμοι
525 1572 647 1628 ἱεροί,
684 1578 843 1616 dubium
880 1591 963 1616 csse
1002 1592 1079 1617 non
1116 1582 1246 1628 potest
1283 1580 1374 1628 quin
1408 1571 1638 1624 Βοιωτούς
1675 1580 1698 1616 1.
1727 1581 1779 1617 50

301 1644 407 1693 quod
439 1645 610 1683 Leuzius
643 1645 680 1685 (1.
703 1658 735 1683 a.
765 1658 801 1695 p.
823 1648 876 1684 50
907 1645 996 1683 adn.
1019 1645 1086 1691 67)
1120 1647 1256 1684 mutari
1289 1646 1413 1684 voluit
1443 1647 1481 1684 in
1511 1642 1779 1696 Λακεδαιμο-

300 1708 422 1755 νίους
453 1715 520 1750 aut
550 1725 690 1750 revera
722 1713 949 1751 mutandum
981 1714 1031 1751 sit
1067 1716 1135 1751 aut
1169 1714 1419 1762 neglegentia
1450 1713 1683 1752 scholiastae
1714 1726 1778 1751 na-

299 1782 397 1829 tum;
428 1793 516 1817 nam
550 1793 664 1830 quam
697 1782 811 1819 affert
832 1781 1006 1831 Siebelis,
1037 1782 1060 1819 l.
1081 1794 1114 1819 a.
1143 1794 1178 1830 p.
1201 1784 1266 1832 50,
1296 1785 1335 1820 et
1355 1781 1580 1831 Muellerus,
1611 1781 1685 1831 frg.
1707 1783 1776 1820 88:

299 1847 325 1896 l,
348 1849 440 1897 398,
470 1847 518 1885 ad
551 1847 841 1886 defendendum
873 1840 1102 1892 Βοιωτούς
1129 1849 1361 1887 sententiam
1390 1848 1622 1887 scholiastae
1652 1848 1777 1887 Thuc.

298 1914 346 1951 ad
378 1916 407 1964 I,
432 1918 520 1961 111,
559 1928 605 1953 ea
636 1916 793 1954 omnino
831 1916 880 1953 ad
913 1916 1009 1954 haec
1040 1916 1161 1954 verba
1199 1928 1275 1954 non
1307 1919 1470 1965 spectat,
1506 1915 1576 1953 sed
1608 1916 1777 1965 pertinet

301 1982 350 2018 ad
383 1983 523 2032 I,11·2,
549 1986 568 2020 1
603 1980 879 2032 (Schoeue).27)
941 1984 1092 2022 Deinde
1124 1983 1267 2022 bonum
1299 1983 1419 2022 habes
1450 1983 1570 2022 schol.
1591 1984 1626 2020 II
1658 1996 1678 2021 e
1709 1983 1774 2020 Di·

298 2049 403 2098 dymi
443 2052 720 2089 commentario
757 2051 821 2097 (cf.
852 2064 889 2101 p.
918 2050 1013 2097 232)
1045 2054 1192 2102 natum,
1230 2052 1296 2100 qui
1339 2055 1381 2090 ut
1414 2051 1673 2100 interpretum
1710 2050 1774 2088 ali-

297 2130 462 2166 quorum
496 2113 559 2165 (ὲν
591 2114 721 2163 ἐνίοις
751 2117 844 2156 τῶν
874 2108 1223 2170 ’δπομιήμάτωιῡ
1260 2119 1475 2158 sententias
1512 2119 1657 2157 refutet
1692 2119 1774 2167 ipse

296 2185 518 2224 Philochori
551 2186 598 2224 de
631 2187 703 2224 hoc
735 2187 836 2225 bello
867 2188 980 2225 affert
1011 2188 1286 2233 narrationem,
1326 2187 1439 2225 simul
1470 2185 1705 2236 Thucydide
1735 2189 1774 2224 et

296 2253 557 2291 Eratosthene
589 2248 636 2290 ἐν
667 2251 730 2304 τῷ
757 2247 801 2289 θ’
834 2257 871 2292 et
901 2254 1157 2304 Theopompo
1189 2248 1236 2291 ἐν
1266 2252 1329 2305 τῷ
1359 2247 1413 2291 κι’
1444 2254 1644 2304 inspectis.
1692 2254 1770 2291 Iam

294 2320 459 2368 primum
498 2321 655 2370 quidem
697 2325 804 2360 rccte
840 2324 935 2371 puto
982 2322 1216 2361 Clausenum
1256 2321 1492 2361 intellexisse
1533 2321 1556 2358 l.
1581 2334 1614 2359 a.
1644 2333 1680 2370 p.
1707 2323 1771 2367 50,

406 2440 450 2481 27)
484 2440 591 2473 (eadit
616 2440 727 2483 igitur
753 2441 926 2476 Clauseni
944 2441 1222 2484 argumentatio,
1249 2441 1270 2475 l.
1289 2450 1319 2475 a.
1344 2451 1378 2484 p.
1398 2444 1450 2483 50,
1475 2439 1537 2483 qui
1561 2439 1647 2473 inde
1672 2439 1771 2483 quod

294 2495 392 2536 prior
410 2495 625 2530 scholiastes
650 2496 818 2539 Boeotos,
843 2497 936 2531 alter
952 2497 1258 2532 Lacedaemonios
1283 2497 1459 2538 nominet,
1483 2499 1635 2538 uterque
1654 2494 1769 2529 Athe-

293 2550 471 2584 niensium
498 2552 738 2596 adversarios,
772 2557 877 2596 putat
907 2553 1011 2597 sequi
1042 2553 1292 2587 Philochorum
1325 2553 1369 2587 de
1401 2552 1568 2586 hostibus
1598 2551 1769 2594 tacuisse,

293 2607 357 2639 scd
392 2607 515 2640 horum
549 2608 692 2641 nomina
721 2618 742 2641 a
774 2609 981 2643 scholiastis
1013 2608 1098 2643 ficta
1129 2619 1219 2644 esse.
1275 2609 1378 2650 Quod
1411 2619 1490 2643 cum
1522 2608 1655 2642 factum
1687 2616 1768 2641 esse

293 2663 426 2706 possit,
458 2673 476 2696 6
510 2663 648 2697 scholio
680 2674 750 2697 non
784 2665 960 2708 sequitur.
1015 2664 1178 2699 Confusa
1209 2675 1291 2699 esse
1324 2665 1462 2699 scholia
1497 2664 1768 2698 adnotaverunt

292 2718 520 2761 Buergelius,
546 2720 985 2763 Pylaeisch-dclphischc
1010 2720 1316 2765 Amphiktyonie,
1340 2732 1375 2765 p.
1396 2724 1457 2755 178
1482 2720 1565 2754 adn.
1586 2723 1612 2762 1,
1638 2723 1674 2753 et
1698 2719 1767 2753 Bu-

292 2774 430 2813 soltius,
456 2775 476 2808 l.
495 2785 524 2808 a.
547 2775 582 2808 ΙΙ
609 2786 643 2818 p.
661 2779 724 2809 545
751 2776 832 2810 adu.
852 2780 880 2815 2,
907 2777 1158 2811 confusionem
1185 2788 1256 2810 non
1282 2778 1520 2821 explicantes.
