1830 3201
272 195 350 231 272

271 296 516 352 Ὀλυμπιάδι
546 301 639 351 τῇσι
664 295 816 351 αὕτῇσι
840 297 1009 340 ἵπποισι
1034 300 1171 339 νικῶν
1192 299 1432 351 παραδιδοῖ
1452 298 1750 354 Πεισιστράτῳ

272 361 643 420 ι’ἓνακηρυχθῆναι,
683 366 752 405 καὶ
793 363 875 418 τὴν
914 366 1040 420 νίκην
1078 366 1231 418 παρεὶς
1268 363 1414 420 τούτῳ
1449 369 1642 421 κατῆλθε
1679 366 1749 408 ἐπὶ

272 429 325 474 τα
364 430 535 473 ἑωυτοῦ
586 425 880 481 ὑπόσπονδος.
936 433 1010 472 καί
1044 447 1118 486 μιν
1156 426 1422 486 ἀνελόμενον
1465 435 1561 486 τῇσι
1596 429 1751 486 αὐτῇσι

274 500 444 541 ἵπποισι
486 493 626 553 άλλήν
663 493 923 553 Ὀλυμπιάδα
961 501 1053 540 κτλ.
1120 504 1200 540 Iam
1246 516 1331 541 eum
1370 507 1408 542 et
1446 505 1673 543 Pisistratus
1713 509 1750 543 et

273 571 466 620 Megacles
497 570 562 607 filii
602 574 731 608 essent
761 570 969 615 hominum,
1009 570 1149 619 quibus
1188 570 1289 608 idem
1328 583 1466 609 nomen
1499 572 1750 621 Hippocratis

273 642 366 683 orat,
398 649 564 686 cunique
594 637 824 675 scholiastes
853 637 1078 686 neglegeret
1106 638 1296 675 Pisistrati
1327 650 1477 685 nomen,
1509 639 1615 687 quod
1644 639 1750 688 apud

272 704 514 743 Herodotum
548 707 638 742 ante
665 696 746 740 τὸν
769 693 1081 754 Ἱπποκράτεος
1113 707 1250 752 exstat,
1282 717 1404 754 prave
1436 706 1562 743 omnia
1593 705 1642 743 de
1673 707 1752 744 Me-

274 771 382 820 gaole
415 770 518 808 dicta
549 782 634 808 esse
665 770 830 820 putavit.

388 847 453 894 13)
496 849 623 887 Schol.
645 850 761 898 Vesp.
789 851 885 887 355:
923 838 992 886 ὅτι
1024 842 1169 897 Νάξος
1200 842 1333 887 ἑάλω·
1368 843 1451 899 τὴν
1482 843 1631 898 Νάξον
1662 845 1751 887 ἐπε-

274 910 481 967 τετήρηκε
523 910 635 965 πρὸς
674 909 755 953 τὸν
795 913 1000 966 γέροντα·
1047 910 1163 954 ἑάλω
1205 911 1286 967 γὰρ
1326 912 1394 954 ἐπὶ
1436 911 1752 967 Πεισιστράτου

275 983 368 1021 κτλ.
422 977 507 1020 ἔστι
542 978 586 1020 δὲ
616 980 692 1033 μία
722 981 814 1020 τῶν
843 976 1089 1021 Κυκλάδων
1122 982 1255 1034 νῆσος
1286 984 1323 1031 (i.
1345 997 1376 1022 e.
1408 985 1469 1022 die
1500 986 1753 1035 Erwahnung

275 1065 350 1089 von
383 1052 516 1088 Naxos
555 1051 621 1088 hat
659 1064 700 1088 er
736 1052 805 1088 auf
837 1051 911 1088 den
945 1050 1056 1089 Greis
1092 1052 1303 1100 abgepasst
1339 1050 1439 1101 etc),
1476 1052 1579 1090 unde
1616 1053 1754 1094 elucet,

275 1131 360 1156 cum
398 1119 627 1155 Pisistratus
665 1118 754 1167 plus
795 1130 910 1166 quam
952 1121 1107 1155 centum
1147 1118 1259 1155 annis
1302 1122 1393 1155 ante
1428 1120 1576 1168 Vespas
1615 1119 1752 1158 doctas

275 1188 433 1232 viveret,
464 1186 711 1223 scholiastam
741 1190 809 1223 aut
830 1198 906 1223 non
929 1185 1064 1222 stricte
1086 1185 1260 1234 scivisse,
1291 1198 1369 1234 quo
1391 1189 1566 1234 tempore
1590 1187 1754 1225 Athenis

275 1254 453 1301 tyrannis
485 1256 600 1302 esset,
630 1256 698 1290 aut
731 1257 948 1301 temporum
972 1253 1162 1290 rationem
1195 1265 1271 1290 non
1296 1253 1408 1290 nimis
1430 1265 1601 1292 curasse.
1651 1255 1754 1293 Hau-

275 1321 322 1358 sit
360 1332 438 1357 rem
480 1332 527 1357 ex
558 1320 703 1358 Herod.
736 1320 762 1369 Ι,
793 1322 862 1358 64;
904 1310 1024 1356 οὕτω
1069 1312 1120 1369 δὴ
1160 1316 1472 1368 Πεισίστρατος
1512 1313 1562 1357 τὸ
1600 1317 1754 1370 τρίτον

276 1377 390 1436 σχτὸν
418 1377 602 1436 Ἀθήνας
635 1417 674 1424 ..
701 1418 706 1423 .
740 1380 1011 1437 καταστήσας
1044 1381 1101 1431 εἷς
1123 1379 1275 1434 Νάξον
1306 1383 1391 1433 (καὶ
1424 1381 1503 1437 γὰρ
1535 1381 1698 1439 ταύτην
1731 1378 1753 1424 ὁ

278 1450 591 1504 Πεισίστρατος
622 1450 950 1503 κατεστρέψατο
982 1450 1162 1503 πολέμῳ
1193 1450 1265 1490 καὶ
1296 1448 1506 1504 ἐπέτρεψε
1529 1448 1752 1505 Λυγδάμι).

278 1522 458 1559 Ceterum
498 1534 573 1559 non
608 1522 707 1559 hanc
745 1521 812 1559 sed
844 1522 1005 1559 alteram
1038 1522 1141 1558 Naxi
1174 1521 1322 1559 insulae
1354 1522 1572 1570 captionem
1611 1523 1755 1560 indicat

278 1592 406 1637 poeta,
438 1601 550 1637 quam
574 1588 743 1626 breviter
765 1594 1042 1642 commemorat
1063 1588 1187 1626 Thue.
1208 1589 1234 1636 Ι,
1257 1590 1320 1634 98,
1343 1591 1378 1626 4.
1419 1588 1528 1635 Quae
1551 1602 1628 1638 quo
1651 1602 1754 1628 anno

278 1656 464 1694 acciderit
496 1657 595 1694 inter
619 1668 658 1694 se
687 1656 924 1694 dissentiunt
947 1656 1122 1694 homines
1145 1655 1261 1703 docti,
1292 1668 1377 1693 cum
1408 1656 1637 1704 Kruegerus
1670 1669 1752 1694 eam

280 1736 380 1761 anno
402 1727 495 1773 473,
518 1725 700 1772 Ungerus
723 1726 814 1769 468,
838 1723 1074 1762 Dunckerus
1095 1726 1188 1772 465,
1215 1723 1373 1762 Curtius
1395 1728 1432 1761 et
1454 1724 1651 1762 Busoltius
1673 1727 1752 1763 467

279 1790 516 1837 trib11a11t.·22)

394 1860 458 1902 14)
501 1860 681 1908 Denique
721 1860 839 1897 schol.
869 1861 982 1908 Vesp.
1017 1861 1123 1897 1084
1154 1859 1382 1898 1.38—42
1424 1859 1471 1896 ad
1511 1859 1753 1897 Herodotum

280 1930 408 1976 potest
430 1927 581 1975 referri,
614 1928 690 1976 qui,
720 1928 789 1964 nisi
814 1927 917 1976 quod
939 1940 1012 1976 pro
1034 1926 1209 1964 Leonida
1231 1927 1426 1964 Dienecac
1448 1939 1587 1964 nomen
1611 1928 1754 1964 rectius

282 1994 446 2043 positum
471 1997 539 2042 est,
568 1996 648 2032 fere
672 1996 854 2044 congruit
877 2007 962 2032 cum
986 1995 1197 2032 scholiasta
1223 1994 1408 2032 exhibens
1429 1994 1536 2042 haec,
1566 1995 1635 2031 VII
1658 1997 1753 2033 226:

392 2127 436 2167 22)
471 2124 525 2160 Cf.
548 2125 772 2167 Kruegerus,
798 2124 1034 2168 Hist.—pl1ilol.
1054 2125 1156 2158 stud.
1178 2128 1260 2158 18:37
1288 2135 1320 2167 p.
1340 2127 1398 2167 463
1427 2124 1602 2167 Ungerus,
1627 2122 1755 2157 Philol.

282 2184 363 2217 XLI
390 2194 422 2226 p.
442 2188 501 2225 (ὣς
526 2182 745 2215 Dunekerus
774 2182 793 2216 l.
808 2192 838 2215 a.
856 2182 895 2216 N.
912 2182 951 2215 F.
968 2182 983 2214 I
1002 2192 1034 2224 p.
1056 2185 1114 2215 los
1132 2181 1231 2223 adn.;
1257 2180 1405 2214 Curtius
1424 2181 1444 2214 l.
1463 2190 1493 2213 a.
1514 2179 1580 2212 1115
1597 2180 1753 2223 append.

284 2252 316 2282 p.
335 2244 395 2282 Ὡς
427 2239 614 2273 Busoltius
639 2239 659 2272 l.
684 2248 714 2272 a.
741 2238 774 2271 ΙΙ
801 2250 834 2281 p.
853 2242 913 2273 401
943 2239 1024 2272 adn.
1049 2242 1072 2272 1.
1129 2239 1299 2272 Ceterum
1334 2243 1534 2280 temperare
1566 2236 1650 2270 mihi
1682 2246 1755 2270 non

284 2306 441 2339 possum,
467 2296 553 2338 quin
580 2295 800 2338 suspicionis
818 2295 1036 2329 mentionem
1063 2293 1201 2335 faciam,
1227 2304 1320 2337 quae
1346 2294 1555 2336 priusquam
1582 2292 1755 2326 Herodoti

284 2352 350 2385 loci
377 2351 604 2384 memineram
631 2350 715 2383 mihi
741 2356 820 2383 orta
837 2354 902 2384 est.
951 2349 1094 2383 Etenim
1121 2360 1199 2383 cum
1225 2349 1339 2392 primo
1361 2352 1513 2392 aspectu
1540 2347 1755 2381 scholiastes

284 2427 325 2430 —-
352 2412 388 2440 et
414 2407 571 2440 vidimus
598 2406 735 2440 scholia
761 2406 934 2440 historica
958 2407 1002 2440 ad
1019 2406 1218 2449 Didymum
1244 2406 1418 2448 pleraque
1444 2405 1613 2438 recedere
1639 2404 1754 2438 bonos

284 2462 400 2496 sontes
425 2463 656 2496 adhibentem
683 2482 723 2486 —
750 2467 955 2496 accuratam
973 2462 1140 2496 videatur
1165 2461 1337 2504 temporis
1355 2460 1598 2503 cognitionem
1624 2459 1755 2493 habere

283 2515 552 2563 (ἑπετητέρηκιε
586 2520 694 2561 κτλ),
726 2519 895 2561 putabam
930 2529 994 2562 pro
1021 2515 1298 2562 Πεισιστράτου
1330 2517 1430 2559 vitio⁷
1462 2516 1561 2559 quod
1593 2515 1756 2550 similiter

286 2576 479 2608 identidem
506 2575 543 2607 in
570 2574 717 2608 scholiis
743 2575 930 2608 invenitur
954 2574 1016 2616 (cf.
1040 2574 1210 2608 ‘Chares’
1233 2584 1297 2616 pro
1315 2573 1500 2615 ‘Laches'‚
1525 2571 1754 2615 ‘Aristopha-

286 2631 366 2664 nes’
393 2641 457 2673 pro
482 2630 743 2671 ⁴A1·istoteles'‚
777 2631 879 2672 alia),
916 2630 972 2664 hie
1004 2640 1149 2673 quoque
1183 2630 1372 2663 commisso
1409 2628 1640 2662 scribendum
1674 2638 1754 2662 esse

286 2684 559 2731 Λυσιστράτου,
591 2687 635 2720 ad
660 2687 761 2720 cuins
788 2691 991 2729 praeturam
1024 2686 1086 2729 (ol.
1106 2689 1156 2725 78,
1175 2689 1204 2728 2,
1231 2688 1371 2727 462'663
1402 2683 1447 2718 cf.
1473 2684 1629 2718 Clinton.
1655 2683 1693 2717 F.
1711 2683 1753 2717 H.

286 2741 319 2774 ll
347 2753 379 2784 p.
406 2745 462 2781 38)
492 2752 563 2775 rem
590 2743 857 2775 transtulerunt
882 2742 1041 2783 Curtius,
1074 2741 1273 2781 Busoltius‚
1305 2744 1341 2774 et
1372 2740 1560 2774 seientiam
1588 2739 1703 2781 ipsam
1735 2748 1754 2771 e

287 2797 486 2831 Philochori
514 2797 664 2831 Atthide
690 2796 750 2839 (ef.
775 2797 898 2840 paullo
924 2796 1032 2837 infra)
1056 2801 1168 2830 ortam
1195 2805 1288 2830 osse.
