1815 3231
1451 170 1528 205 369

49 287 165 332 esset,
195 282 299 332 apud
324 282 601 320 Philochornm
627 283 775 319 invenit
803 295 887 319 cum
912 282 1153 330 archontcm,
1185 280 1254 318 sub
1287 293 1364 329 quo
1397 280 1531 317 Lania-

51 350 148 388 chus
180 353 358 387 mortuus
381 352 497 399 esset,
526 350 572 387 ab
596 350 661 387 illo
685 361 769 387 esse
793 352 986 398 quartum.
1049 347 1303 386 lusci-endum
1337 346 1532 395 fragmen-

48 422 128 456 tum
168 418 270 455 inter
306 417 569 455 Philochorea
607 419 696 466 post
727 418 814 455 113.
881 416 1059 455 Ceterum
1100 415 1147 453 ad
1187 419 1338 464 tempus
1375 414 1531 451 fabulae

49 484 335 523 enucleandum
380 484 453 522 hoc
491 484 715 521 Philochori
761 483 1021 532 fragmentum
1065 483 1129 519 vix
1175 482 1304 530 magni
1350 480 1531 519 momenti

49 556 178 602 potest
215 564 309 597 esse,
348 564 434 589 cum
475 551 694 589 nesciamus
733 553 860 588 utrum
894 550 958 588 fini
991 551 1039 587 ol.
1069 549 1166 597 915'2
1205 562 1253 587 an
1293 550 1400 586 initio
1434 547 1531 595 91l3

49 619 228 658 tribuerit
260 618 442 656 Lamachi
478 621 650 667 mortem,
688 617 735 655 de
767 630 844 665 qua
876 630 930 666 re,
968 629 1053 654 cnm
1087 629 1107 654 e
1138 616 1262 654 Tliuc.
1296 616 1356 661 VI,
1386 618 1448 653 94.
1480 618 1531 654 96

50 687 144 725 nihil
176 689 329 724 constet
361 687 432 723 nisi
464 689 611 723 aestate
633 688 714 723 414
746 698 825 722 rem
849 697 933 722 esse
956 687 1116 734 gestam,
1148 696 1224 721 non
1258 684 1384 721 minus
1416 695 1531 732 quam

50 754 98 793 de
131 754 284 793 Cleonis
317 756 442 792 morte
475 753 655 791 diversae
686 756 900 802 potuerunt
931 755 1086 790 exstare
1108 752 1337 800 sententiae,
1368 755 1409 789 ut
1442 751 1530 788 Dio-

50 822 169 861 dorus
211 822 316 870 XIII,
349 823 386 870 8,
420 824 439 858 1
484 821 529 858 ol.
562 818 660 868 91J3
702 820 891 857 tribueret
931 819 1075 856 factum
1119 817 1181 865 (cf.
1216 818 1315 855 Plut.
1347 818 1432 855 Nic.
1467 821 1532 862 183

50 890 185 928 lustin.
214 889 278 938 IV,
306 891 341 937 4,
370 887 424 934 9).

167 966 235 1014 26)
279 967 408 1005 Schol.
432 968 549 1016 Vesp.
573 969 663 1013 283,
696 966 799 1015 quod
832 966 941 1003 decst
972 967 1010 1003 in
1038 966 1082 1003 R.
1142 966 1229 1002 Duo
1262 965 1323 1001 hic
1345 964 1532 1002 habemus

49 1035 216 1073 scholia:
248 1035 265 1072 I
296 1035 319 1072 l.
343 1036 519 1083 21—38‚
551 1035 587 1072 II
620 1034 641 1071 l.
664 1035 839 1080 39—48‚
871 1032 920 1070 ad
952 1032 1117 1070 eundem
1141 1036 1312 1069 veterem
1342 1043 1532 1069 commen-

50 1103 189 1141 tarium
226 1102 464 1147 recedentia,
507 1101 609 1139 unde
649 1101 773 1138 altera
809 1112 902 1149 pars
939 1099 1076 1137 scholii
1118 1112 1140 1136 a
1177 1099 1318 1147 priore,
1359 1098 1481 1135 altera
1513 1110 1535 1134 a

51 1169 224 1208 secundo
256 1169 470 1207 scholiasta
510 1169 646 1206 melius
681 1168 941 1217 transscripta
973 1171 1040 1204 est.
1101 1168 1147 1204 Et
1179 1166 1343 1215 primum
1377 1165 1533 1215 quidem

51 1237 155 1287 quod
189 1235 418 1274 Dindorfius
448 1235 654 1285 proposuit
686 1225 837 1271 αὖτῶν
867 1235 889 1272 l.
920 1236 969 1273 29
1008 1239 1075 1271 aut
1106 1245 1191 1271 esse
1224 1232 1431 1270 delendum
1469 1236 1535 1270 aut

49 1306 88 1343 in
127 1295 278 1349 αὐτοῖς
316 1303 556 1351 mutandum,
595 1303 727 1340 vitium
767 1303 820 1340 ita
856 1303 985 1351 potius
1023 1305 1197 1349 sanatur,
1234 1304 1276 1338 ut
1306 1301 1343 1338 in
1376 1296 1535 1350 εἰςηγη-

52 1368 243 1423 σαμέιόυ
272 1371 397 1421 prima
420 1371 570 1420 syllaba
599 1383 668 1418 per
690 1370 994 1419 dittographiam
1025 1382 1044 1407 e
1068 1364 1332 1417 Περικλέους
1360 1371 1451 1405 nata
1473 1367 1536 1405 de-

51 1441 190 1479 leatur.
256 1438 409 1477 Deinde
446 1442 575 1476 autem
614 1440 763 1475 tantum
802 1437 929 1486 abest,
969 1440 1008 1474 ut
1047 1436 1095 1473 ad
1127 1436 1288 1473 verbum
1327 1435 1536 1473 historicus

53 1508 333 1556 transscriptus
370 1507 435 1553 sit,
479 1508 519 1543 ut
564 1509 699 1555 aperta
743 1504 977 1542 scliolIastae
1019 1504 1101 1541 sive
1147 1503 1390 1551 grammatici
1433 1503 1537 1540 inve-

53 1578 212 1615 niantur
235 1575 412 1623 vestigia,
446 1585 533 1610 cum
565 1572 661 1610 illud
690 1565 880 1621 τριήρεις
900 1563 1151 1620 πολεμικάς,
1184 1569 1390 1619 repetitum
1415 1567 1537 1618 Περι-

52 1639 208 1687 κλέους
246 1631 518 1692 ἡγησαμένου
559 1640 581 1677 l.
611 1642 674 1678 25.
711 1641 780 1683 29,
827 1636 974 1683 κακῶς
1011 1633 1291 1674 διατίθεσθαι
1328 1637 1350 1674 l.
1379 1639 1442 1676 26.
1475 1640 1539 1685 32,

52 1704 239 1763 τριήρεις
281 1729 331 1734 —-
369 1701 567 1759 μηχάνηυ
602 1699 942 1755 κατασκευάζειν
980 1706 1003 1742 l.
1033 1707 1096 1743 29.
1128 1706 1190 1752 30,
1225 1703 1388 1753 μαθεῖν
1426 1705 1539 1756 1.28‚

55 1785 104 1822 31
144 1788 394 1827 nequaquam
432 1775 660 1812 historicum
699 1774 863 1822 sapiant.
934 1773 1146 1809 Praeterea
1191 1771 1238 1808 ad
1280 1772 1537 1810 recentiorem

55 1851 222 1888 aetatem
254 1848 407 1894 spectat
429 1834 683 1892 σκαιώρημα
715 1841 737 1878 1.
762 1843 813 1879 35
846 1844 937 1877 ante
967 1839 1139 1876 Pollucis
1171 1841 1209 1876 et
1240 1838 1538 1878 scholiastarum

54 1918 209 1962 tempus
259 1923 337 1949 non
385 1910 598 1947 inventum.
669 1908 866 1946 Narratur
915 1905 1050 1943 eadem
1099 1916 1163 1942 res
1211 1904 1316 1954 apud
1358 1905 1538 1953 Thuc.1,

57 1982 302 2024 115—-117‚
343 1977 504 2016 Diodor.
537 1976 624 2023 XII,
657 1977 721 2013 27.
756 1977 807 2013 28
845 1973 885 2020 (i.
918 1985 949 2011 e.
988 1972 1203 2021 Ephorum,
1241 1973 1288 2009 cf.
1316 1972 1538 2022 Volquard-

55 2046 215 2097 senius),
256 2046 358 2084 Plut.
388 2045 530 2082 Pericl.
561 2044 764 2091 25—28,
804 2053 937 2091 quem,
978 2052 1063 2078 cum
1106 2039 1254 2089 Ephori
1294 2051 1434 2078 nomen
1476 2054 1539 2079 ex-

56 2116 201 2164 hibeat,
231 2125 276 2152 eo
309 2113 392 2150 solo
426 2122 539 2149 usum
572 2121 658 2148 esse
695 2107 850 2158 putavit
887 2106 1135 2152 Schmidtius,
1173 2117 1259 2143 cum
1291 2106 1539 2154 Ruehlius52)

56 2182 198 2222 Duridi
237 2192 318 2219 rem
350 2179 521 2217 tribuere
559 2176 679 2215 malit.
737 2176 817 2213 Iam
849 2173 1105 2223 Thucydides
1142 2185 1165 2210 a
1206 2173 1420 2211 scholiasta
1461 2187 1539 2213 non

55 2252 94 2290 in
132 2262 245 2289 usum
282 2250 446 2286 vocatus
483 2249 559 2295 est,
600 2257 686 2283 cum
727 2255 854 2292 neque
897 2254 973 2291 quo
1010 2241 1200 2279 archonte
1239 2253 1302 2279 res
1341 2245 1454 2291 gesta
1491 2243 1540 2280 sit

58 2321 191 2358 narret
227 2316 292 2364 (cf.
329 2315 450 2354 schol.
486 2314 508 2351 l.
544 2311 612 2359 39)
650 2324 780 2360 neque
817 2310 1004 2348 Periclem
1047 2308 1205 2346 duxisse
1242 2308 1541 2358 expeditionem,

58 2398 185 2436 neque
218 2384 267 2422 ad
298 2394 430 2432 regem
461 2382 585 2430 ipsum
617 2381 743 2417 victos
775 2377 999 2426 confugisse
1037 2375 1105 2415 sed
1137 2376 1185 2414 ad
1208 2376 1447 2414 Pissuthnen
1480 2389 1540 2415 sa-

170 2506 215 2546 51)
248 2501 303 2538 (Jf.
328 2500 525 2546 praecipuo
550 2497 808 2537 Buechelerus,
833 2495 983 2530 Jahrbb.
1008 2494 1066 2529 fiir
1084 2494 1173 2529 Phil.
1192 2493 1386 2529 LXXXIII
1410 2505 1445 2538 p.
1466 2497 1541 2537 689,

60 2565 94 2595 et
121 2558 357 2600 Kirchnerus,
383 2557 471 2591 Mus.
490 2555 605 2590 Rhen.
623 2553 740 2588 XLIV
761 2563 795 2596 p.
815 2555 975 2586 154—56.

172 2618 217 2659 52)
251 2614 306 2650 Cf.
333 2613 566 2655 Schmidtius,
600 2613 667 2645 La.
694 2610 729 2644 II
760 2621 794 2653 p.
821 2613 873 2652 37,
905 2612 979 2650 255,
1013 2613 1049 2643 et
1080 2608 1276 2651 Sauppius,
1311 2608 1333 2641 l.
1358 2618 1387 2640 a.
1421 2617 1454 2649 p.
1485 2611 1541 2649 103

5 2677 7 2699 l
61 2673 252 2715 Ruefflius,
277 2672 299 2705 l.
317 2681 347 2706 a.
374 2682 407 2714 p.
426 2673 501 2704 667.
524 2672 605 2711 9683
639 2666 827 2701 Busoltius
852 2666 987 2699 rectius
1014 2664 1199 2708 Ephorum
1233 2664 1433 2697 adhibitum
1460 2674 1542 2697 esse

61 2729 198 2764 fontem
222 2726 460 2772 principalem
487 2724 643 2768 putavit,
677 2726 821 2766 praeter
846 2721 943 2755 hunc
967 2720 1161 2763 Duridem3
1193 2718 1238 2754 cf.
1265 2720 1285 2754 l.
1310 2728 1340 2753 a.
1366 2719 1399 2752 II
1425 2730 1460 2762 p.
1478 2721 1540 2752 593

63 2787 185 2822 adnot.
203 2790 233 2821 4,
