1830 3201
299 180 378 215 210

410 288 673 328 Anacreontis
697 291 932 329 carminibus
964 291 1000 329 in
1023 292 1225 342 pristinam
1258 296 1296 331 et
1316 293 1506 343 integram
1531 295 1693 333 formam
1715 307 1772 333 re-

297 355 543 402 stituendis3)
581 369 736 407 operam
771 357 926 396 dedisse
958 358 1199 398 Zenodotum
1231 360 1445 409 Ephesium
1483 361 1634 401 duobus
1665 363 1772 401 testi-

298 423 435 461 moniis
474 424 727 473 intellegitur.
795 425 925 474 Atque
972 426 1138 475 primum
1186 426 1343 476 quidem
1391 440 1510 477 agere
1549 430 1679 478 placet
1726 429 1773 468 de

297 491 442 529 scholio
474 491 521 528 ad
553 491 713 529 Pindari
744 492 800 531 Ol.
827 493 883 530 ΙΙΙ
912 496 976 543 52,
1007 493 1070 532 ubi
1102 494 1199 532 haec
1229 494 1429 543 leguntur:

399 548 490 594 Ὅτι
522 553 738 607 ἐπιμελῶς
778 553 820 596 οἱ
850 556 1029 611 ποιηταὶ
1066 553 1148 611 τὴν
1183 553 1370 611 θήλειαν
1407 556 1576 611 ἔλαφον
1612 559 1773 614 κέρατα

297 618 482 673 ἔχουσαν
505 618 742 675 εἰσάγουσι·
776 620 983 677 καθάπερ
1014 624 1087 664 καὶ
1116 623 1199 678 τήν
1228 621 1512 679 θηλάςουσαν
1539 623 1620 667 τὸν
1647 624 1772 682 Τήλε-

296 702 385 739 φον
416 684 633 742 γράφουσι
669 688 742 729 καὶ
772 687 1029 731 πλάττουσι.
1081 690 1286 732 τέτακται
1318 691 1363 733 δὲ
1400 693 1473 734 καὶ
1510 691 1630 748 παρὰ
1659 688 1775 736 Evoc-
1829 704 1830 710 ¹

296 755 489 808 κρέοντι·
531 750 720 810 Άγανῶς
756 752 828 798 oizi
858 773 902 798 τε
937 756 1096 811 νεβρὸν
1126 759 1344 813 νεοθηλέα
1373 758 1645 816 γαλαθηνόν,
1684 756 1775 803 ὅστ’

297 822 344 863 ἐν
376 817 496 872 ὕλαις
526 824 759 879 κεροέσσης
793 818 1079 878 ὑπολειφθεὶς
1115 819 1202 868 ὑπὸ
1231 825 1396 882 μητρὸς
1431 825 1644 883 ἐπτοήθη.
1696 832 1775 884 Ζη-

298 887 482 939 νόδοτος
521 890 566 931 δὲ
606 892 893 947 μετεποίησεν
933 891 1147 948 ἐροέσσης,
1189 889 1259 935 διὰ
1299 892 1349 936 τὸ
1387 894 1658 951 ἱστορεῖσθαι
1698 892 1775 946 τὰς

296 958 473 1012 θηλείας
503 958 666 1011 κέρατα
695 954 752 1013 μὴ
786 957 910 1013 ἔχειν,
948 954 1061 1001 ἄλλα
1097 956 1201 1010 τοὺς
1232 956 1435 1016 ἄρρενας·
1477 962 1519 1004 οὶ
1548 963 1698 1017 μέντοι
1729 979 1774 1018 γε

296 1025 477 1080 ποιηταὶ
507 1023 677 1075 πάντας
707 1027 867 1081 κέρατα
900 1025 1079 1082 ἔχοντας
1109 1031 1328 1071 ποιοῦσιν.

410 1097 496 1144 Quo
528 1110 575 1135 ex
608 1098 753 1136 scholio
788 1098 1023 1147 Bergkius4)
1055 1100 1316 1139 Anacreontis
1349 1103 1564 1141 versiculos
1601 1103 1705 1141 hunc
1736 1104 1774 1141 in

298 1163 452 1201 modum
476 1165 769 1203 constituendos
791 1178 875 1204 esse
905 1166 1116 1205 arbitratus
1138 1170 1195 1205 est
1226 1168 1376 1206 collatis
1404 1170 1544 1207 Athen.
1571 1183 1607 1220 p.
1630 1172 1709 1209 396
1725 1171 1776 1218 Ι);

297 1231 382 1269 Ael.
403 1231 500 1269 Hist.
524 1235 600 1270 nat.
624 1233 696 1270 VII
718 1235 788 1281 393
826 1234 933 1271 Eust.
960 1246 997 1282 p.
1020 1237 1111 1283 711,
1133 1237 1201 1273 34:

625 1289 811 1349 Άγανῶς
842 1293 914 1336 oio}
942 1311 987 1337 τε
1020 1294 1183 1350 νεβρὸν
1212 1298 1432 1353 νεοθηλέα

624 1360 895 1418 γαλαθηνόν,
923 1357 1010 1412 ὅςτ’
1027 1362 1074 1405 ἐν
1095 1358 1201 1417 ὕλης
1222 1365 1451 1420 κεροέσσης

623 1424 912 1482 ἀπολειφθεὶς
944 1422 1033 1472 ὑπὸ
1063 1428 1226 1486 μητρὸς
1255 1430 1471 1487 ἐπτοήθη.

412 1502 489 1538 Iam
528 1502 566 1539 in
604 1502 770 1551 singulis
807 1502 936 1540 verbis
977 1503 1244 1552 proponendis
1286 1507 1416 1542 utrum
1458 1504 1603 1554 ubique
1641 1517 1775 1542 verum

300 1569 394 1606 vidit
430 1568 624 1618 Bcrgkius
662 1581 800 1617 necne,
840 1569 1056 1608 diiudicare
1095 1583 1172 1609 nou
1213 1574 1386 1609 nostrum
1424 1575 1492 1618 est⁷
1534 1585 1580 1610 ca
1616 1575 1777 1621 tantum,

299 1648 401 1685 quae
431 1636 480 1673 ad
512 1635 753 1675 Zenodotum
786 1640 979 1686 spectant,
1009 1641 1235 1676 tractamus.
1295 1638 1470 1677 Coniecit
1500 1641 1628 1677 autem
1661 1639 1692 1677 is
1723 1659 1775 1663 —-

300 1716 386 1741 nam
427 1703 615 1742 librorum
648 1704 892 1753 quorundam
924 1706 1196 1743 auctoritatem
1235 1717 1321 1743 eum
1354 1709 1531 1744 secutum
1563 1718 1649 1745 esse
1686 1718 1774 1756 pro·
1829 1719 1830 1741 ς

299 1771 426 1809 babile
456 1783 532 1810 non
564 1774 623 1809 est
655 1791 706 1795 —
739 1771 947 1820 legendum
980 1783 1064 1809 esse
1103 1766 1302 1823 ἑροέσσης
1339 1785 1410 1822 pro
1445 1767 1675 1824 κεροέσσης
1711 1785 1775 1811 ne·
1829 1792 1830 1795 =

298 1850 396 1887 gans
439 1850 578 1876 cervas
619 1850 704 1876 esse
748 1841 944 1876 cornutas.
1012 1838 1088 1876 Sed
1131 1839 1202 1877 etsi
1245 1842 1349 1878 recte
1393 1839 1597 1878 contendit
1637 1852 1775 1878 cervas
1829 1850 1830 1896 j

299 1917 448 1944 cornua
478 1918 555 1944 non
589 1904 784 1955 habere-5),
815 1908 944 1944 tamen
975 1908 1122 1944 temere
1150 1910 1330 1944 versatus
1361 1910 1420 1945 est
1450 1907 1488 1944 in
1516 1907 1777 1945 Anacreontis
1829 1898 1830 1936 ἶ

412 2026 436 2068 ¹)
469 2025 563 2059 Plut.
583 2024 691 2058 Thes.
717 2034 746 2058 c.
767 2028 823 2058 20:
853 2019 1133 2068 ἀπολειφθῆναι
1160 2023 1197 2059 δὲ
1225 2021 1291 2068 τὴν
1319 2021 1504 2068 Ἀριάδνην
1528 2027 1594 2059 τοῦ
1624 2020 1777 2068 Θησέως

302 2077 465 2125 ἐρῶντος
497 2077 631 2125 ἑτέρας
661 2077 806 2121 ,,δεινὸς
838 2077 911 2125 γάρ
942 2092 1006 2122 μιν
1037 2076 1183 2126 ἔτειρεν
1215 2076 1312 2125 ἔρως
1340 2077 1578 2124 Πανοπηΐδος
1601 2075 1776 2125 Αἴγλης“·

301 2140 449 2172 τοιοῦτο
482 2132 555 2182 γάρ
588 2134 630 2171 τὸ
664 2132 755 2176 ἔπος
793 2132 835 2171 ἐκ
868 2139 942 2170 τιῦν
969 2131 1141 2170 Ἡσιόδου
1174 2135 1450 2181 Πεισίστρατον
1487 2132 1631 2176 ἐξελεῖν
1663 2147 1777 2180 φησιν
1829 2172 1830 2178 ¹

292 2188 424 2238 Ἡρέας
449 2188 468 2227 ὃ
496 2191 710 2238 Μεγαρεύς.

412 2250 440 2294 2)
475 2248 530 2284 Of.
555 2250 670 2284 Procl.
695 2249 829 2284 Conim.
855 2259 890 2292 p.
910 2252 927 2283 3
954 2248 1085 2283 Gaisf.:
1123 2242 1178 2282 ὅτι
1206 2246 1243 2283 δὲ
1270 2245 1313 2281 τὸ
1345 2244 1549 2292 προοίμιόν
1578 2259 1676 2288 τινες
1705 2244 1775 2282 διέ-

300 2316 464 2351 γραψαν,
497 2300 628 2350 ὥσπερ
654 2302 759 2340 ἄλλοι
786 2317 827 2339 τε
858 2303 923 2339 καὶ
951 2299 1185 2349 Ἀρίσταρχος
1209 2299 1392 2349 ὀβελίζων
1424 2301 1511 2345 τοὺς
1535 2302 1683 2348 στίχους
1712 2302 1777 2357 καὶ

300 2360 544 2407 Πραξιφάνης
569 2358 588 2396 ὁ
615 2365 681 2397 τοῦ
704 2359 952 2406 Θεοφράστου
976 2358 1160 2405 μαθητής,
1192 2358 1284 2404 μηδὲ
1311 2363 1425 2394 τοῦτο
1453 2355 1677 2404 ἀγνοοῦμεν.
1718 2360 1776 2394 οὑ-

300 2430 363 2458 τος
387 2415 517 2461 μέντοι
543 2417 607 2452 καὶ
627 2415 796 2461 ἐντυχεῖν
813 2429 927 2461 φησιν
953 2412 1241 2462 ἀπροοιμιάστῳ
1265 2418 1319 2462 τῷ
1335 2414 1468 2462 βιβλίῳ
1492 2413 1557 2450 καὶ
1576 2410 1775 2462 ἀρχομένῳ

298 2472 415 2519 χωρὶς
444 2476 508 2517 τῆς
540 2468 775 2517 ἐπικλήσεως
807 2476 882 2507 τῶν
909 2473 1075 2506 Μουσῶν
1108 2468 1304 2506 ἐντεῦθεν·
1340 2467 1410 2506 οὐκ
1440 2467 1514 2515 ἄρα
1543 2474 1686 2512 μοῦνον
1710 2466 1776 2513 ἔην

302 2527 434 2574 ,ἐρίδων
460 2526 570 2574 γένος
601 2531 700 2574 [Erg.
726 2540 781 2563 vs.
804 2532 866 2573 11].

414 2588 443 2628 3)
467 2586 602 2630 Bergk,
627 2584 763 2620 Anacr.
781 2596 888 2620 carm.
905 2586 969 2619 rel.
997 2588 1091 2619 1834.
1117 2595 1150 2628 p.
1170 2587 1229 2627 233
1253 2582 1372 2625 Stark‚
1397 2583 1659 2624 Quaestionum
1677 2580 1776 2616 Ana-

302 2647 434 2678 creont.
453 2642 533 2676 libri
551 2642 634 2676 duo.
660 2642 756 2676 Diss.
770 2641 852 2676 Jen.
876 2644 971 2683 1846,
988 2651 1022 2684 p.
1037 2644 1095 2684 343
1121 2641 1316 2682 Duentzer,
1334 2639 1388 2673 De
1404 2638 1497 2680 ch.,
1515 2649 1549 2682 p.
1566 2641 1607 2673 34
1624 2638 1707 2672 adn.
1722 2641 1774 2672 25.

415 2701 443 2742 ⁴)
478 2697 533 2732 (Jf.
562 2697 695 2732 Anacr.
722 2707 827 2731 carm.
854 2697 929 2740 rel„
961 2708 995 2740 p.
1022 2699 1083 2731 162
1114 2694 1156 2730 fr.
1181 2699 1240 2738 493
1280 2695 1413 2729 Poetae
1438 2695 1503 2740 lyr.
1532 2696 1631 2729 18824
1654 2692 1710 2727 ΙΙΙ
1740 2704 1775 2737 p.

304 2746 367 2777 269
392 2743 434 2778 fr.
453 2747 506 2777 51.

416 2802 446 2839 ⁵)
480 2798 535 2833 Cf.
562 2799 674 2833 Arist.
701 2798 793 2832 Hist.
812 2808 867 2832 an.
894 2798 942 2831 IV
962 2801 1014 2840 11,
1031 2801 1060 2839 7,
1091 2808 1126 2840 p.
1145 2798 1208 2830 538
1224 2796 1246 2829 b
1272 2795 1405 2830 Bekk.:
1439 2788 1500 2828 οἷα
1524 2789 1668 2838 κέρατα
1693 2788 1776 2826 ἕλα-

304 2868 374 2901 φος
401 2853 533 2901 θήλεια
552 2853 621 2890 οὐκ
639 2851 736 2901 ἔχεις
768 2854 822 2888 De
846 2858 935 2898 part.
955 2863 1012 2889 an,
1039 2853 1089 2889 111
1114 2857 1139 2895 1,
1158 2857 1188 2895 (i,
1215 2863 1248 2896 p.
1267 2854 1329 2889 622
1345 2862 1380 2885 a:
1405 2849 1467 2886 καὶ
1492 2846 1550 2885 διὰ
1567 2852 1679 2884 τοῦτο
1697 2851 1773 2883 τῶν
