1815 3231
1436 163 1514 198 343

149 264 188 312 7)
232 265 362 305 Schol.
384 268 473 305 Pac.
498 271 587 314 605,
621 269 667 307 de
692 282 769 318 quo
792 271 974 319 permulti
999 271 1069 308 iam
1094 271 1332 321 egei-unffi),
1355 276 1407 320 ut,
1429 286 1513 310 cuin

28 344 145 382 longe
168 335 270 373 absit
300 338 342 373 ut
373 336 421 373 ad
446 337 560 374 linem
593 337 709 374 ducta
732 338 781 375 sit
802 340 991 387 quaestio,
1024 339 1127 388 quod
1162 339 1327 378 fortasse
1358 342 1515 379 omnino

30 401 320 451 desperandum
362 407 435 449 est,
478 404 656 453 equidem
701 406 794 443 satis
839 406 998 444 habeam
1042 420 1087 445 ca
1128 409 1284 457 afferre,
1326 421 1425 457 quac
1466 410 1513 447 ad

29 469 179 507 scholia
211 471 485 520 cognoscenda
523 473 658 520 ntique
699 474 920 511 necessaria
952 478 1053 512 sunt.
1111 474 1267 513 Scholia
1298 476 1388 524 dixi,
1426 490 1513 514 nam

29 537 146 585 plura
177 538 216 575 in
250 551 367 576 unum
402 539 679 577 confluxerunt
718 553 795 578 non
828 542 928 578 inter
958 553 998 579 sc
1030 545 1222 591 separata.
1281 543 1394 590 Quod
1427 557 1512 582 cum

29 603 177 653 primus
205 604 402 656 Sauppius
434 608 697 656 cognovisset,
728 620 775 646 ne
807 608 838 645 is
860 608 1016 657 quidem
1049 610 1098 647 ab
1131 611 1232 647 omni
1267 615 1377 659 parte
1409 615 1512 649 recte

29 683 110 710 rem
129 674 342 722 perspexit,
365 673 482 723 quod,
506 677 712 723 postquam
732 676 1254 726 Muellerus-Struebingius,
1278 679 1299 715 l.
1316 691 1347 715 a.
1371 691 1405 727 p.
1424 682 1515 728 329,

30 740 165 778 miram
203 740 252 779 de
288 741 426 780 scholii
465 743 745 792 compositione
778 745 913 781 statuit
944 746 1190 794 sententiam,
1226 746 1418 785 Schoellio
1451 747 1514 785 de-

29 820 131 846 mum
164 809 336 858 contigit,
378 822 615 859 quamquam
661 823 708 848 ne
749 823 833 848 cum
868 824 912 850 eo
951 812 1106 861 quidem
1146 813 1261 862 plane
1303 816 1515 853 consentio.

28 875 90 914 Ad
128 889 242 926 quam
282 889 362 915 rem
408 879 639 927 priusquam
677 878 859 916 accedam
906 892 1066 917 necesse
1104 884 1163 918 est
1205 882 1512 921 emendationem

29 944 209 983 Palmerii
243 946 396 994 afferre,
428 946 475 984 ab
508 946 689 984 omnibus
721 947 825 996 quod
849 947 926 984 vidi
960 952 1118 996 praeter
1141 961 1259 986 unum
1283 950 1511 988 Muellerum

28 1011 70 1049 11.
97 1012 160 1050 all.
192 1016 407 1063 acceptam,
437 1026 575 1063 nempe
608 1014 857 1052 scribendum
891 1026 977 1052 esse
1009 1027 1078 1063 pro
1103 1009 1383 1067 Πυθοδώρου
1416 1018 1438 1055 1.
1461 1021 1513 1057 30

29 1082 68 1117 et
89 1082 142 1118 54
167 1072 429 1130 Θεωδώρου,
460 1094 531 1130 pro
561 1072 876 1131 Σκυθοόώρου
905 1082 927 1119 1.
950 1085 1001 1121 38
1031 1076 1383 1134 Πυθοδώρουλδ)
1435 1087 1512 1123 Iam

29 1145 226 1198 Sauppius
258 1148 304 1187 de
337 1149 472 1187 scholii
505 1149 641 1188 ordine
673 1149 766 1187 dicit
797 1149 894 1187 haec
924 1163 960 1199 p.
986 1152 1081 1189 181:
1117 1150 1191 1196 „da
1223 1151 1285 1189 die
1314 1153 1513 1202 Begeben-

30 1216 161 1254 heiten
194 1219 216 1255 6
237 1217 363 1256 Jahre
395 1229 466 1255 aus
488 1216 679 1255 einander
701 1217 827 1266 liegen
861 1216 1017 1267 (nempe
1039 1218 1199 1257 Phidiae
1222 1231 1338 1258 causa
1366 1224 1404 1259 et
1425 1220 1513 1259 belli

29 1283 354 1333 Peloponnesiaci
386 1283 567 1332 initium),
599 1297 641 1323 so
673 1284 851 1323 hemerkt
878 1297 920 1323 er
951 1284 1190 1335 (Didymus),
1222 1286 1312 1325 dass
1343 1288 1419 1325 ihm
1452 1288 1513 1327 die

30 1351 299 1402 Verbindung,
319 1353 356 1390 in
376 1353 522 1391 welche
541 1353 826 1403 Aristophanes
844 1353 955 1391 beide
971 1353 1164 1403 gebracht
1180 1354 1259 1404 hat,
1281 1356 1513 1405 ungerecht-

28 1418 163 1468 fertigt
199 1420 409 1458 erscheint.
475 1421 591 1458 Diese
628 1421 881 1471 Bemerkung
917 1421 1013 1459 aber
1051 1421 1118 1459 des
1156 1422 1348 1471 Didymus
1386 1423 1511 1462 haben

30 1487 97 1525 wir
127 1487 165 1525 in
188 1490 211 1527 2
234 1489 465 1537 Fassungen
497 1488 623 1526 neben
648 1488 846 1534 einander,
879 1488 940 1526 die
962 1489 1097 1527 zweite
1127 1490 1288 1538 beginnt
1309 1491 1344 1528 in
1370 1490 1514 1529 brciter

28 1554 287 1605 Ausfl‘ihrung
325 1556 394 1594 mit
431 1555 516 1594 dem
551 1557 687 1594 Worte
728 1551 931 1606 λέγουσιν
968 1556 1005 1602 (l.
1033 1555 1115 1605 44),
1152 1569 1228 1595 von
1272 1557 1342 1595 der
1383 1562 1512 1596 ersten

31 1623 119 1661 siud
150 1637 225 1662 nur
256 1624 319 1662 die
351 1624 492 1663 beiden
516 1625 755 1674 Fragmente
787 1624 855 1662 des
879 1624 1138 1663 Philochorus
1162 1625 1375 1663 erhalten.“
1440 1627 1512 1665 Ubi

31 1691 224 1742 duplicem
257 1704 428 1731 errorem
461 1693 497 1729 in
530 1704 570 1730 se
601 1691 770 1730 admisit.
830 1692 931 1730 Nam
961 1693 1125 1741 primum
1149 1693 1304 1742 quidem
1339 1689 1513 1743 λέγουσι

28 1779 82 1785 —
108 1755 359 1810 γενομένων
397 1760 433 1803 (l.
462 1758 532 1805 53)
574 1772 689 1809 quam
729 1759 920 1798 artissime
962 1771 1048 1797 cum
1087 1760 1410 1799 antecedentibus
1451 1773 1512 1799 co-

28 1828 195 1866 haerere
233 1831 271 1866 et
305 1828 354 1865 ad
392 1831 510 1866 totam
550 1827 793 1877 grammatici
830 1828 1210 1876 argumentationem
1251 1829 1416 1866 maxime
1448 1841 1513 1867 ne-

29 1896 199 1934 cessaria
241 1907 326 1934 esse
369 1895 554 1944 probavit
590 1894 810 1934 Schoellius
849 1907 885 1944 p.
918 1897 984 1944 24,
1029 1898 1072 1933 ut
1113 1895 1278 1932 alterum
1322 1896 1510 1933 scholium

31 1963 193 2012 incipiat
221 1963 271 2001 ab
303 1951 326 2000 ὁ
352 1958 526 2006 Φειδίας
556 1963 578 2000 l.
607 1960 724 2008 54¹0)
784 1961 937 2001 Deinde
975 1964 1102 2000 autem
1139 1958 1256 2007 τινές
1291 1962 1329 2007 (l.
1357 1963 1425 2009 44)
1462 1963 1511 2001 ad

28 2061 130 2103 sium,
148 2060 340 2095 Archaeol.
354 2058 509 2102 Zeitung
530 2062 612 2094 1876
632 2070 666 2102 p.
684 2061 761 2102 1583
786 2058 963 2101 Curtium,
984 2058 1071 2092 ibid.
1091 2061 1172 2093 1877
1191 2069 1224 2101 p.
1243 2061 1322 2102 1343
1347 2059 1490 2093 Loesch

30 2117 141 2159 kium,
166 2116 302 2151 Hister.
328 2115 557 2159 Untersuch.‚
582 2113 630 2149 A.
655 2113 802 2149 Schiifer
826 2114 1003 2158 gewidm„
1035 2114 1151 2148 Bonn.
1174 2117 1268 2158 1552,
1300 2125 1333 2158 p.
1358 2117 1398 2148 25
1415 2125 1512 2159 sqq.3

28 2173 548 2216 Muellerum-Struebingium,
567 2171 696 2206 Jhrbb.
717 2170 740 2205 f.
758 2169 850 2205 Phil.
873 2170 1008 2206 CXXV
1028 2181 1061 2214 p.
1081 2173 1142 2204 295
1159 2181 1255 2214 sqq.3
1282 2170 1514 2214 Schoeffium,

30 2230 50 2264 l.
68 2240 98 2264 a.
117 2240 151 2274 p.
174 2233 300 2274 lsqq.3
326 2229 550 2270 Muellerum,
576 2226 706 2271 F1·g.h.
724 2226 811 2270 g1·.I
834 2238 868 2270 p.
886 2230 950 2261 400
976 2230 1013 2260 et
1035 2225 1066 2261 V
1085 2237 1120 2270 p.
1142 2229 1191 2261 17.
1213 2230 1270 2269 183
1295 2227 1386 2261 alios
1403 2237 1511 2270 quos-

31 2286 111 2320 dam
144 2296 236 2330 quos
271 2286 445 2330 deinceps
479 2285 636 2319 afferam.
693 2283 923 2318 Novissimus
956 2283 1114 2317 accessit
1144 2283 1340 2325 Nissenus,
1373 2284 1512 2328 Sybelii

29 2343 113 2376 hist.
127 2341 314 2385 Zeitschr.‚
333 2341 373 2375 N.
388 2342 426 2376 F.
448 2340 591 2375 XXVII
608 2351 643 2384 p.
658 2343 722 2374 406
738 2349 827 2383 sqq„
846 2349 952 2382 quam
968 2339 1307 2373 commentationem
1327 2349 1408 2373 sero
1427 2339 1511 2383 legi.

141 2399 184 2442 1Β)
211 2397 267 2434 Cf.
283 2398 494 2441 Palmerius‚
512 2397 534 2431 1.
550 2407 580 2431 a.
600 2407 634 2440 p.
651 2399 733 2439 7463
758 2395 973 2429 Theodorus
991 2394 1126 2429 archon
1145 2398 1222 2428 erat
1240 2396 1352 2439 4387,
1377 2395 1512 2440 Pytho-

29 2455 141 2490 dorus
158 2457 294 2499 432s31‚
327 2454 374 2488 cf.
398 2454 519 2495 Clint„
544 2453 582 2488 F.
601 2453 644 2488 H.
667 2452 701 2486 ΙΙ
727 2463 765 2496 p.
781 2455 834 2486 56.
859 2454 911 2485 00.
961 2451 1130 2486 Ceterum
1162 2461 1234 2484 non
1268 2452 1386 2486 minus
1416 2452 1512 2486 bene

28 2511 212 2555 Sauppius
246 2522 280 2555 p.
308 2514 369 2545 170
401 2521 466 2554 pro
499 2504 788 2555 ἀπεργάζεσθαι
822 2507 842 2542 1.
869 2511 909 2542 43
944 2507 1092 2551 scripsit
1126 2503 1420 2551 ἐπεργάζεσθαι.
1468 2507 1511 2541 Id

29 2578 175 2613 quoque
199 2569 316 2612 probo
341 2567 439 2612 quod
464 2567 667 2602 Schoellius
695 2566 715 2600 l.
733 2576 763 2600 a.
789 2577 823 2610 p.
843 2567 883 2598 22
909 2564 947 2598 in
972 2564 1097 2598 eodem
1125 2574 1235 2598 versu
1261 2565 1408 2608 scripsit
1430 2568 1511 2598 τοῖν

29 2627 149 2666 θεοῖν,
175 2635 255 2659 cum
281 2621 333 2658 τώ
361 2621 442 2658 θεώ
468 2623 615 2667 proprie
640 2626 818 2657 vocentur
842 2621 932 2655 deae
958 2621 1181 2655 Eleusiniae.

142 2683 185 2723 ¹⁹)
219 2680 324 2722 Quod
349 2679 523 2724 probatur
547 2679 628 2713 cod.
648 2679 680 2712 V
705 2678 886 2722 scriptura
916 2680 1000 2721 post
1026 2672 1244 2721 γενομένων
1273 2677 1347 2710 duo
1372 2680 1510 2720 puncta

28 2738 199 2781 ponentis
233 2740 270 2771 et
294 2739 484 2780 praeterea
508 2735 593 2770 olim
619 2745 700 2770 cum
726 2734 793 2769 hoc
818 2733 931 2768 verbo
956 2743 1085 2768 versus
1116 2732 1222 2767 finem
1251 2731 1434 2775 facientis,
1465 2732 1510 2768 cf.

34 2793 250 2838 Schoellius,
275 2804 308 2838 p.
327 2795 379 2827 21.
401 2795 453 2827 22.
