1830 3201
282 171 360 207 336

283 280 355 319 Oui
377 279 529 317 accedit
550 278 655 328 quod
679 291 806 328 neque
828 291 849 317 a
866 279 1034 329 Didymo
1056 292 1184 330 neque
1204 293 1226 319 a
1243 281 1538 320 scholiastarum
1556 294 1754 331 quoquam

282 347 444 385 Andron
470 359 651 397 nmquam
674 347 878 385 consultus
896 350 964 397 est,
987 349 1127 398 quibus
1149 350 1276 387 causis
1297 350 1475 399 equidem
1497 362 1757 400 commoveor,

282 418 324 453 ut
352 415 428 452 levi
456 414 550 452 vitio
587 418 816 463 corruptum
852 418 985 464 putem
1017 415 1215 454 Andronis
1245 429 1385 455 nomen
1424 430 1471 455 ex
1502 418 1758 467 Androtione,

282 484 324 519 ut
354 482 467 519 liuius
498 493 642 520 novum
673 482 818 520 habeas
846 482 1107 532 fragmentum
1138 484 1238 522 inter
1266 487 1317 524 47
1348 487 1385 523 et
1412 488 1465 525 48
1496 485 1755 524 inserendum.

395 546 432 597 6)
475 549 533 586 De
566 549 712 587 scholio
744 551 834 588 Pac.
857 553 935 590 347
968 551 1138 600 denique
1167 552 1242 589 iam
1274 555 1392 590 antea
1422 553 1515 591 dixi.

393 615 755 663 Philochorus¹)
788 618 983 656 adhibitus
1014 622 1087 657 est:

395 682 433 729 1)
476 684 606 722 Schol.
631 684 727 722 Ach.
757 687 838 724 220
876 682 938 734 (cf.
969 685 1110 724 Suidas
1141 699 1169 725 s.
1191 700 1226 725 v.
1247 682 1554 738 Λακρατίδης);
1593 685 1758 737 Λακρα-

280 748 400 802 τίόης
431 741 607 800 ἀρχαῖος
639 744 784 801 ἄρχων
815 741 1047 804 Ἀθήνησιν
1077 743 1136 799 ὡς
1167 751 1240 791 καὶ
1276 747 1528 804 Φιλόχορος.
1580 745 1680 804 ἦρξε
1712 751 1758 792 δὲ

282 814 353 856 ἐπὶ
386 816 475 855 τῶν
505 812 679 868 χρόνων
708 816 907 869 Δαρείου,
944 811 1011 869 ἐφ’
1034 808 1087 857 οὗ
1117 818 1299 872 πλείστη
1330 815 1438 871 χιών
1469 816 1654 871 ἐγένετο,
1686 817 1760 858 καὶ

282 878 475 938 ἄπέπηξε
510 880 657 924 πάντα
694 876 755 932 (ὃς
798 881 866 938 μὴ,
889 881 1109 926 δύνασθαι
1146 885 1358 939 προϊέναι.
1411 883 1565 940 διόπερ
1595 883 1651 926 τὰ
1680 896 1760 939 ψυ-

280 948 361 1005 χρὰ
397 947 541 991 πάντα
573 951 854 1005 Λακρατίδου
885 949 1088 994 ἐκάλουν.
1155 957 1288 996 Oritur
1327 958 1517 1007 quaestio,
1554 967 1760 1007 quousque

283 1022 507 1060 Pliilochori
534 1023 798 1071 fragmentum
830 1025 1036 1072 pertineat.
1097 1025 1310 1063 Muellerus
1338 1026 1439 1062 enim
1471 1024 1561 1073 (frg.
1583 1024 1651 1070 83)
1683 1024 1761 1063 Sie-

283 1091 460 1128 bclisium
493 1093 651 1128 secutus
683 1104 770 1128 cum
802 1103 926 1140 usque
957 1091 1007 1128 ad
1039 1084 1229 1129 ἐκάλουν
1260 1093 1493 1130 sententiam
1524 1092 1761 1131 Philochoro

283 1158 486 1203 tribueret,
529 1156 774 1206 Sti-engius2)
818 1159 1026 1207 quominus
1070 1160 1190 1207 ipsius
1232 1160 1454 1198 Philochori
1498 1161 1761 1198 narrationem

288 1226 577 1274 conspiciamus
600 1226 874 1275 impedimento
896 1238 982 1264 esse
1004 1230 1111 1265 ratus
1133 1227 1226 1265 illud
1250 1224 1322 1264 καὶ
1344 1226 1393 1264 Φ.
1416 1227 1464 1265 ad
1486 1228 1762 1266 Pliilochorum

283 1296 461 1342 spectare
485 1296 597 1341 putat
619 1294 761 1331 solum:
792 1289 1068 1346 Λακρατὶδης
1097 1316 1145 1319 ——
1175 1288 1428 1345 Φιλόχορος.
1490 1294 1565 1334 Sed
1596 1296 1762 1344 primum

283 1361 439 1409 quidem
473 1374 592 1399 causa
624 1374 739 1410 quam
771 1363 885 1399 affert
915 1363 1073 1400 omnino
1097 1361 1208 1400 cadit.
1269 1361 1394 1411 Saepe
1417 1363 1515 1400 enim
1544 1364 1581 1400 in
1603 1363 1764 1400 scholiis

284 1429 470 1467 eiusmodi
512 1425 585 1465 καί
626 1428 801 1466 additum
841 1433 910 1478 est,
951 1442 1028 1478 quo
1072 1431 1132 1467 liic
1173 1431 1271 1467 nihil
1311 1430 1417 1468 aliud
1458 1430 1651 1468 indicatur
1693 1430 1765 1469 nisi

284 1499 441 1546 praeter
461 1496 766 1545 Aristophanem
799 1497 923 1546 ipsum
947 1497 1175 1535 historicum
1204 1509 1374 1547 quoquc,
1404 1510 1520 1546 quem
1551 1498 1766 1547 inspexerit

284 1563 478 1613 Didymus
515 1563 581 1609 (ef.
618 1577 655 1613 p.
688 1562 803 1612 231),
849 1564 977 1613 egisse
1019 1564 1067 1602 de
1104 1565 1178 1602 hoc
1216 1565 1381 1602 homine.
1446 1564 1599 1602 Deinde
1636 1567 1764 1602 autem

285 1631 389 1669 unde
422 1632 579 1669 omnino
611 1645 655 1669 ea
687 1631 861 1670 hausisse
899 1636 1015 1681 putas
1046 1633 1256 1681 Didymum
1298 1645 1399 1681 quae
1437 1632 1485 1670 de
1517 1632 1663 1681 frigore
1702 1645 1765 1670 ex-

284 1700 414 1748 posuit
436 1699 509 1737 nisi
532 1699 578 1736 ab
602 1699 825 1748 liist01·ico?,
856 1712 956 1748 quae
988 1713 1066 1737 non
1098 1700 1152 1737 ita
1183 1702 1274 1737 sunt
1296 1703 1522 1749 comparata
1553 1701 1595 1736 ut
1626 1703 1766 1748 poetae

290 1767 496 1804 verborum
543 1767 904 1816 interpretationem
957 1767 1184 1805 contineant
1235 1780 1256 1804 a
1302 1770 1417 1816 poeta
1461 1766 1544 1815 ipso
1594 1766 1766 1815 petitam,

286 1834 452 1873 Accedit
482 1835 586 1884 quod
615 1835 681 1872 vix
712 1835 790 1873 alia
820 1847 862 1873 re
893 1835 1021 1872 clarus
1050 1835 1122 1872 t'uit
1153 1835 1215 1872 hic
1247 1838 1407 1884 praetor
1437 1835 1510 1872 nisi
1531 1846 1678 1872 summo
1700 1833 1765 1872 illo

285 1902 439 1950 frigore.
500 1902 610 1949 Quae
642 1914 727 1939 cum
760 1903 812 1940 ita
843 1903 930 1951 sint,
969 1915 1045 1939 non
1078 1901 1214 1940 dubito
1254 1902 1347 1951 quin
1384 1901 1485 1939 falsa
1515 1900 1564 1938 sit
1594 1901 1765 1949 Strengii

286 1970 432 2018 opinio:
478 1969 751 2019 fragmentum,
787 1982 1021 2019 quamquam
1060 1982 1136 2007 non
1174 1970 1221 2006 ad
1244 1969 1404 2007 verbum
1441 1969 1599 2006 allatum
1630 1971 1698 2016 est,
1732 1968 1763 2006 si

286 2050 362 2075 nou
394 2036 442 2075 ad
471 2030 663 2074 ἐκάλουν
694 2039 799 2075 certe
832 2036 880 2074 ad
910 2031 1112 2087 προΐεναι
1143 2036 1279 2074 tendit.

399 2103 439 2150 2)
484 2103 734 2142 Schol.Acl1.
764 2107 855 2154 703,
896 2104 960 2142 ubi
998 2104 1156 2150 scholia,
1198 2104 1297 2141 inter
1328 2115 1370 2141 se
1407 2102 1570 2140 confusa
1609 2104 1646 2139 et
1677 2114 1763 2140 cum

286 2172 462 2209 lemmate
493 2172 650 2210 turbata
680 2172 733 2209 ita
763 2174 854 2210 sunt
885 2171 1122 2220 separanda:
1164 2171 1211 2208 ad
1241 2168 1306 2221 τῷ
1337 2170 1420 2208 sine
1452 2169 1571 2207 dubio
1603 2169 1690 2207 olim
1722 2169 1760 2206 in

287 2240 500 2288 archetypo
542 2239 674 2287 glossa
711 2239 970 2277 interlinearis
1008 2235 1071 2288 τῷ
1107 2231 1273 2288 τρόπῳ,
1313 2237 1454 2275 deinde
1494 2236 1681 2274 scholium
1713 2235 1762 2274 ad

286 2303 349 2357 τῷ
381 2298 537 2356 τρόπῳ
568 2305 808 2354 adscriptum
842 2309 900 2343 est
930 2305 1022 2343 hoc:
1052 2303 1148 2350 πῶς
1180 2297 1350 2341 δίκαιόν
1381 2299 1499 2341 ἐστιν
1530 2295 1669 2353 ἄνδρα
1699 2313 1762 2352 γε·

288 2367 509 2425 γηρακότα
540 2364 1013 2422 ιῖντιπολιτευσάμευον
1034 2371 1240 2423 Περικλεῖ
1266 2363 1590 2409 ἀπολείπεσθαι
1619 2360 1763 2420 ἄγριό-

287 2454 404 2492 τητι,·
434 2440 570 2479 τοῦτο
601 2432 680 2491 γὰρ
713 2437 840 2491 δηλοῖ
868 2430 893 2490 ἡ
927 2439 1126 2478 Σκυθῶν
1158 2435 1323 2491 ἐρημία.
1374 2435 1487 2488 λέγει
1520 2433 1564 2475 δὲ
1595 2437 1633 2484 (i.
1655 2450 1685 2476 e.
1708 2439 1763 2476 in-

288 2510 445 2559 tellegit,
487 2522 552 2555 „er
589 2507 750 2554 meint“)
790 2499 1028 2559 ἀγριότητι.
1089 2507 1242 2546 Deinde
1283 2520 1367 2545 cum
1405 2507 1492 2544 voci
1531 2497 1762 2556 συνηγόρῳ

288 2577 597 2626 superscriptum
631 2578 733 2614 esset
763 2568 929 2626 ῥήτορι,
959 2577 997 2613 111
1030 2578 1177 2613 textum
1210 2574 1344 2613 scholii
1377 2575 1621 2622 irrepserunt
1641 2572 1762 2610 verba

402 2676 428 2715 ¹)
456 2650 684 2716 efficaciter
709 2670 941 2706 Siebelisium
967 2671 1162 2706 Muellerus
1188 2670 1204 2703 Ι
1229 2681 1262 2714 p.
1281 2668 1510 2703 LXXXVIII
1534 2674 1568 2703 et
1593 2670 1653 2702 371
1671 2677 1761 2711 sqq.;

289 2728 493 2771 Stiehleius,
518 2727 644 2763 Philol.
662 2725 762 2769 VIII,
782 2729 842 2759 637
860 2737 940 2771 sqq.

401 2787 430 2828 2)
462 2783 516 2819 Cf.
544 2783 783 2825 Quaestiones
808 2782 1077 2826 Philochoreae‚
1102 2781 1291 2825 Goetting.
1313 2783 1406 2824 1868,
1431 2791 1466 2823 p.
1485 2782 1537 2814 47,

1823 330 1825 372 ὲ
