1830 3201
293 168 373 204 370

291 281 438 326 trapem
480 288 606 324 neque
645 275 814 324 denique
852 276 899 313 de
935 276 1090 314 homine
1129 277 1190 314 illo
1228 277 1391 325 Carysto
1430 280 1515 315 orto
1553 278 1762 326 quicquam

291 344 526 392 exposuerit.
593 341 669 379 Sed
716 355 763 379 ne
809 342 858 379 ad
903 342 1104 391 Ephorum
1149 344 1304 392 quidem
1351 343 1519 382 recurrit
1564 345 1764 382 scholium.

290 410 445 448 Etenim
476 421 523 446 ne
546 408 609 445 hic
630 407 786 457 quidem
816 410 1044 458 praeposuit
1070 412 1290 459 praetores3
1321 410 1351 448 si
1380 409 1484 460 fecit,
1514 411 1579 448 uni
1601 411 1766 449 Timoeli
1827 447 1830 461 ἲ

291 489 370 515 rem
402 475 520 524 dedit,
564 478 605 512 ut
635 487 657 512 a
688 474 862 513 Diodoro
900 476 1086 514 certiores
1122 476 1250 522 fimus;
1291 477 1432 515 deinde
1473 478 1651 527 quamvis
1683 478 1766 515 dili·
1826 463 1828 477 ἱ

293 546 430 592 genter
466 542 704 580 Plutarchus
742 545 779 579 et
816 542 1013 581 Diodorus
1052 542 1100 581 de
1137 544 1209 581 hac
1246 556 1287 581 re
1326 544 1488 594 egerint,
1524 544 1766 594 Carystionis

291 611 393 648 illius
433 613 572 647 neuter
614 609 847 647 mentionem
888 609 991 648 facit.
1056 611 1237 649 Attamen
1282 611 1378 649 haec
1416 612 1588 649 narratio
1630 624 1707 649 non
1746 624 1768 650 e

291 679 455 728 pulvere
488 679 580 714 nata
612 688 697 714 esse
727 679 866 726 potest.
925 678 1089 715 Restant
1110 677 1229 727 igitur
1256 678 1560 728 atthidographi,
1589 678 1638 716 ad
1669 691 1767 728 quos

292 747 353 784 vel
392 748 615 794 praetorum
653 745 810 782 nomina
845 745 1026 795 exposita
1057 746 1280 784 ostendunt.
1339 745 1514 794 Quorum
1547 759 1632 785 cum
1663 747 1767 786 vide-

292 815 410 852 rimus
442 812 718 851 Philochorum
751 813 962 862 praecipue
995 825 1077 851 esse
1109 813 1341 863 inspectum,
1371 813 1420 851 ad
1443 826 1529 852 eum
1558 814 1654 852 haec
1676 826 1768 863 quo-

292 893 368 930 que
406 880 554 918 scholia
585 899 637 904 --
675 892 762 916 nam
801 882 968 929 utroque
1005 892 1104 930 opus
1142 884 1200 918 est
1237 880 1285 917 ad
1324 881 1637 929 cognoscendum
1675 881 1768 930 quid

294 947 493 997 scripserit
522 949 659 985 auctor
691 967 740 971 ——
774 947 1001 997 referemus,
1032 959 1077 985 ea
1105 959 1262 997 quoque
1283 960 1331 997 ¹re
1358 947 1479 986 adiuti
1510 948 1616 998 quod
1648 961 1768 998 quan-

293 1015 381 1052 dam
413 1026 498 1051 cum
529 1013 763 1062 Thucydide
795 1013 1084 1052 similitudinem
1118 1026 1194 1052 non
1226 1025 1432 1063 possumus
1464 1027 1624 1064 negare,
1653 1027 1768 1064 quem

293 1083 341 1120 ab
373 1079 678 1129 atthidographo
710 1080 747 1118 in
780 1092 891 1118 usum
924 1085 1105 1120 vocatum
1138 1093 1222 1119 esse
1255 1084 1419 1120 constat.

406 1159 474 1207 27)
518 1161 577 1198 De
606 1161 755 1210 proelio
788 1160 893 1211 apud
915 1161 1136 1210 Arginusas
1157 1161 1260 1200 facto
1293 1164 1330 1199 et-
1360 1162 1406 1200 iis
1438 1174 1539 1211 quae
1560 1175 1770 1212 sequeren-

294 1234 356 1267 tur
388 1229 634 1266 Hellanicum
667 1227 804 1275 (schol.
826 1230 922 1266 Rau.
950 1231 1041 1277 694,
1073 1229 1120 1267 cf.
1147 1242 1183 1278 p.
1208 1227 1300 1278 156)
1333 1234 1371 1267 et
1401 1230 1675 1269 Philochorum
1708 1227 1771 1278 (cf.

294 1297 415 1334 schol.
437 1298 535 1334 Ran.
558 1294 680 1342 1196)
712 1296 749 1333 in
784 1308 894 1334 usum
927 1299 1086 1334 vocatos
1117 1309 1201 1334 esse
1241 1300 1357 1335 antea
1387 1297 1566 1336 vidimus.
1625 1298 1768 1336 Eadem

294 1377 356 1402 res
386 1364 560 1414 tangitur
590 1364 628 1401 in
660 1364 780 1401 schol.
803 1365 898 1401 Rau.
923 1366 1013 1413 191,
1044 1365 1109 1402 ubi
1141 1365 1214 1402 tria
1246 1368 1399 1402 exstant
1429 1365 1595 1402 scholia:
1626 1366 1642 1402 Ι
1672 1365 1695 1402 1.
1718 1368 1769 1404 35

293 1434 414 1481 —49‚
451 1432 485 1468 11
517 1431 538 1468 l.
568 1433 746 1479 49-53,
782 1431 839 1468 111
872 1431 894 1468 l.
922 1433 1070 1480 54-9,
1111 1444 1212 1480 quae
1250 1433 1379 1469 omnia
1419 1431 1469 1469 ad
1507 1431 1674 1470 eundem
1713 1445 1770 1470 re-

295 1503 457 1537 currunt
479 1498 636 1547 Didymi
660 1499 992 1535 commentarium.
1034 1498 1153 1536 Cuius
1175 1498 1296 1536 verba
1323 1499 1463 1546 partim
1487 1499 1524 1535 in
1547 1499 1692 1536 scholio
1715 1500 1771 1536 llI

294 1569 451 1604 servata
483 1570 584 1611 sunt,
623 1565 687 1602 ubi
724 1565 833 1602 iuxta
870 1566 1017 1614 positas
1048 1565 1225 1602 videmus
1261 1566 1478 1603 Aristarchi
1514 1569 1552 1604 et
1583 1567 1772 1604 Demetrii

295 1634 509 1672 sententias
541 1632 605 1680 (cf.
639 1645 676 1682 p.
699 1631 808 1681 238),
850 1633 988 1681 partim
1030 1633 1068 1670 in
1108 1633 1255 1671 scholio
1288 1635 1316 1682 1,
1358 1633 1422 1671 ubi
1464 1635 1539 1670 utri
1581 1633 1773 1682 Didymus

294 1704 376 1751 ipse
408 1702 559 1739 tmavelet
591 1701 807 1750 expositum
841 1703 910 1738 est.
970 1701 1047 1737 Iam
1077 1701 1138 1737 hic
1167 1701 1288 1738 habes
1318 1702 1364 1738 ab
1394 1701 1576 1739 historico
1604 1702 1773 1751 repetita

296 1771 409 1807 hazec
453 1770 476 1806 l.
498 1772 547 1806 41
565 1781 649 1843 sqq.
692 1763 756 1818 εἴη
799 1759 835 1804 ὁ
868 1758 922 1804 ἷὲν
954 1763 1097 1817 λέγων
1136 1764 1235 1817 περὶ
1276 1765 1353 1818 τῆς
1393 1763 1441 1805 ἐν
1482 1758 1773 1818 Ἀργινούσαις

297 1833 552 1886 ιαυμαχίας,
594 1830 640 1872 ἐν
672 1830 695 1884 3}
726 1829 886 1872 ἐνίκων
917 1830 996 1884 μὲν
1027 1829 1067 1871 οἱ
1102 1826 1340 1885 4191μ1αϊοι,
1380 1828 1485 1880 τοὺς
1516 1847 1697 1886 ιεκρους
1729 1831 1774 1873 δὲ

297 1898 440 1941 ἑκωλ1
447 1905 591 1955 θησαν
619 1893 672 1940 ἀι
675 1900 853 1941 ἑλέσθαι
884 1892 967 1940 υπὸ
987 1901 1212 1952 χειμῶνος.
1255 1897 1299 1950 ἐξ
1320 1891 1372 1939 οὗ
1397 1899 1469 1939 καὶ
1489 1901 1582 1939 τῶν
1604 1915 1618 1939 ι
1648 1910 1774 1952 στρα-

297 1971 442 2023 τηγῶν
465 1962 703 2009 ἀπώλοντο
734 1967 1134 2016 καταδικασθέντες
1156 1983 1194 2008 01
1223 1960 1536 2020 υπομείναντες
1559 1965 1772 2020 Ξ’ξ.1ᾶθι11

298 2041 469 2090 denique
500 2040 669 2078 recurrIt
700 2041 738 2076 in
770 2039 929 2077 scholiis
961 2042 1171 2088 31111698,
1203 2040 1266 2076 uhi
1300 2039 1418 2077 verba
1449 2051 1606 2088 quoque
1636 2038 1773 2077 eadem

299 2109 494 2157 leguntur,
527 2102 568 2143 οἱ
589 2096 905 2156 {mopsivavzeg
926 2112 964 2145 et
984 2103 1376 2157 καταδικασθῆναι,
1408 2119 1509 2155 quae
1531 2107 1661 2144 omnia
1688 2118 1773 2144 cum

299 2188 367 2223 per
405 2188 445 2212 se
482 2176 690 2213 verisimile
728 2178 786 2212 est
821 2175 869 2212 ad
911 2175 1067 2224 Didymi
1110 2174 1428 2212 commentarium
1469 2173 1666 2219 recedere,
1708 2175 1774 2223 qui

300 2244 532 2282 Philochoro
571 2243 618 2281 de
649 2243 784 2281 eadem
816 2255 859 2280 re
896 2255 989 2280 usus
1021 2242 1070 2280 sit
1107 2240 1168 2290 (cf.
1200 2243 1297 2279 Rau.
1322 2239 1456 2290 1196),
1492 2244 1572 2279 tum
1604 2254 1649 2280 ea
1681 2254 1773 2291 quo-

298 2324 374 2359 que
405 2323 447 2348 re
479 2311 679 2360 probatur,
716 2310 820 2359 quod
859 2311 972 2347 etiam
1006 2309 1101 2347 illud
1134 2298 1454 2358 ·1(1πομει’ναντες
1492 2309 1556 2355 (de
1588 2309 1632 2346 iis
1665 2308 1775 2346 duci-

300 2380 371 2416 bus
395 2380 459 2427 qui
485 2392 561 2416 non
585 2377 825 2427 effugerunt)
853 2378 988 2416 scholii
1009 2379 1113 2416 1196
1141 2378 1339 2415 invenitur
1368 2378 1406 2414 in
1430 2377 1551 2414 schol.
1569 2377 1665 2414 Rau.
1686 2378 1774 2422 191,

301 2449 342 2482 ut
374 2446 470 2483 haec
494 2445 712 2494 fragmenta
743 2446 909 2483 inseram
939 2446 1039 2483 inter
1061 2444 1320 2482 Philochorea
1344 2446 1418 2482 121
1444 2446 1482 2482 et
1506 2446 1596 2482 122.
1636 2444 1776 2492 Inepta

303 2517 424 2560 agunt
455 2513 578 2550 schol.
600 2513 702 2550 Nub.
726 2516 760 2551 6.

412 2655 455 2695 53)
489 2653 593 2693 Quod
611 2663 631 2686 a
649 2653 770 2696 suida,
789 2664 815 2687 s.
832 2665 863 2687 v.
888 2650 1038 2693 ξενικόν
1056 2653 1089 2686 11
1108 2653 1223 2687 solum
1243 2653 1531 2695 transscripturi),
1550 2652 1679 2685 iisdem
1698 2661 1775 2685 ver-

301 2709 358 2741 bis
385 2709 516 2750 legitur
538 2708 572 2741 in
597 2709 675 2741 cod.
694 2709 759 2741 BP
779 2709 1036 2743 Demosthenis
1054 2708 1211 2752 Philipp.
1230 2707 1256 2742 I.
1274 2712 1326 2749 46,
1352 2717 1423 2751 quo
1441 2707 1614 2741 scholium
1636 2706 1776 2740 Aristo-

306 2764 484 2807 phaneum
512 2764 725 2798 translatum
753 2769 817 2799 este
