1815 3231
1466 179 1549 214 319

74 295 97 331 l.
126 307 161 331 a.
193 292 209 328 Ῑ
241 307 277 343 p.
307 296 398 342 218,
434 292 469 328 II
501 307 535 342 p.
561 295 650 341 153,
688 293 867 341 probavit
899 292 995 329 duas
1028 292 1074 329 ob
1107 302 1256 339 causas,
1293 291 1382 339 quia
1414 300 1551 325 revera

73 361 204 398 Xerxe
237 361 325 398 vivo
365 361 401 397 in
435 361 565 397 Asiam
604 359 804 396 transiisse
841 358 907 396 sed
947 371 990 396 eo
1025 361 1174 395 mortuo
1214 357 1259 394 ad
1295 357 1550 393 Artaxerxem

73 429 230 466 venisse
270 428 481 473 videretur,
524 431 562 464 et
602 429 693 476 quia
731 429 933 464 auctorum
971 426 1111 474 aliquis
1148 424 1365 462 nominibus
1403 423 1552 460 omissis

73 495 202 533 dicere
235 496 427 543 potuisset
467 495 562 531 nihil
601 495 672 531 nisi
713 489 954 542 „i‘i’ccotl‘ae'affi
998 492 1102 530 unde
1143 505 1254 530 error
1295 491 1404 528 facile
1448 490 1551 527 nasci

73 564 274 613 potuisset.
315 562 477 600 Accedit
508 562 613 611 quod
643 562 780 599 scholii
802 563 938 598 auctor
960 562 1054 610 ipse,
1086 573 1199 609 quem
1229 559 1437 608 Didymum
1468 569 1552 595 csse

73 633 189 669 antea
220 630 425 679 probabile
449 629 701 673 reddidimus,
734 641 873 666 nomen
907 629 971 666 alii
998 628 1105 677 fonti,
1136 628 1199 664 alii
1230 639 1310 664 rem
1334 627 1455 674 ipsam
1488 624 1550 662 de-

74 699 165 736 bere
197 700 336 747 potest.
397 698 500 745 Ergo
540 697 635 734 haec
673 708 735 733 res
776 696 871 733 nihil
909 698 1038 745 potest
1079 695 1254 744 probare.
1314 694 1392 731 Iam
1431 695 1472 730 ut
1503 691 1551 728 ad

74 766 263 804 scholium
282 765 517 803 accedamus
536 776 664 813 neque
687 766 807 801 totum
832 775 971 812 neque,
988 763 1026 800 id
1050 763 1153 812 quod
1175 763 1296 799 voluit
1314 759 1554 807 Bauerusffl),

72 834 223 872 initium
262 846 282 871 e
312 832 556 882 Thucydidis
588 832 813 869 narratione
852 832 1031 869 haustum
1073 834 1141 879 est,
1183 841 1416 879 quamquam
1451 828 1554 865 hunc

74 900 293 939 consultum
332 912 417 938 esse
454 900 582 937 statim
621 899 851 937 videbimus.
912 900 1009 936 Nam
1048 898 1085 935 id
1124 897 1228 947 quod
1268 896 1371 945 apud
1408 896 1554 934 Aristo-

75 968 229 1006 demum
262 967 371 1005 deest
407 966 572 1004 eundem
605 965 751 1003 fontem
791 970 985 1003 secutum:
1028 966 1048 1002 l.
1080 967 1130 1004 36
1146 976 1229 1013 sqq.
1267 957 1307 1000 οἱ
1347 958 1393 999 δέ
1423 970 1556 1010 φασιν

77 1028 145 1072 ὅτι
176 1027 385 1078 συνειδώς
423 1022 446 1070 ὃ
478 1030 774 1083 Θεμιστοκλῆς
816 1023 894 1082 οὐχ
931 1023 1024 1077 οἷός
1054 1044 1096 1069 τε
1137 1018 1190 1081 ἦν
1231 1023 1553 1079 διαπράξασθαι

75 1101 138 1153 τῷ
169 1100 339 1150 βασιλεῖ
376 1091 486 1151 ἅπερ
519 1095 807 1151 ἐπηγγείλατο
841 1092 983 1145 οὕτως
1020 1095 1086 1137 ἐπὶ
1126 1092 1208 1149 τὴν
1238 1096 1318 1135 τοῦ
1349 1090 1552 1133 immimi-

76 1164 240 1220 αἵρεσιν
269 1164 533 1218 παρεγένετο
567 1169 746 1205 haustum
775 1170 834 1205 est
865 1180 884 1205 e
917 1168 1042 1205 Thuc.
1068 1167 1097 1215 Ι,
1123 1167 1212 1214 138,
1232 1168 1274 1203 4:
1307 1160 1480 1213 λέγουσι
1509 1159 1556 1199 di!

76 1248 192 1282 τινες
231 1232 304 1273 καὶ
343 1229 550 1273 ἑκούσιον
591 1227 808 1284 φαρμάκῳ
850 1224 1100 1271 (ἔποθαυεῖυ
1141 1223 1293 1278 mimir,
1336 1222 1556 1267 ἀδύνατον

79 1301 320 1355 νομίσαντα
362 1295 473 1340 εἶναι
510 1298 750 1340 ἐπιτελέσαι
787 1300 957 1348 βασιλεῖ
995 1291 1020 1337 ἃ
1049 1290 1271 1350 ὑπέσχετο.
1333 1299 1419 1336 Alia
1456 1310 1556 1346 quac

78 1373 126 1412 de
149 1376 271 1410 morte
305 1371 565 1421 proferuntur
597 1374 701 1408 certe
733 1383 808 1408 non
834 1383 856 1407 a
877 1369 1109 1418 Thucydide
1133 1371 1218 1406 orta
1239 1371 1341 1415 sunt,
1373 1366 1436 1415 qui
1469 1378 1554 1402 eum

79 1439 329 1489 aegritudine
353 1442 547 1476 mortuum
579 1436 686 1486 dicit3
717 1449 762 1474 ea
785 1439 911 1473 autem
935 1448 1037 1484 quae
1059 1434 1297 1473 antecedunt
1319 1444 1555 1482 quamquam

78 1508 207 1546 multis
239 1507 356 1544 rebus
395 1517 481 1543 eum
514 1517 559 1543 eo
598 1505 851 1542 consentiunt
887 1506 1014 1541 tamen
1055 1515 1131 1540 non
1172 1502 1219 1539 ad
1253 1513 1337 1539 eum
1379 1499 1557 1543 referam,

80 1587 169 1613 cum
201 1585 329 1623 pauca
361 1575 514 1610 exstent
545 1583 645 1621 quae
678 1571 724 1609 ab
753 1583 797 1609 eo
829 1571 983 1608 diversa
1013 1573 1113 1607 sunt.
1174 1570 1225 1607 Ut
1246 1567 1452 1606 verborum
1484 1578 1559 1613 (pif-

81 1637 313 1693 γαδευθεὶς
351 1629 438 1677 ὑπὸ
477 1637 570 1676 τῶν
601 1629 846 1690 Ἀθηναίων
886 1633 953 1675 ἐπὶ
987 1632 1226 1686 προὸοσίας
1255 1630 1373 1686 αἰτίᾳ
1410 1629 1565 1683 ψευδεῖ

80 1724 127 1749 116
166 1710 371 1757 vestigium
414 1707 571 1756 quidem
611 1709 738 1744 exstat
775 1706 881 1754 apud
922 1704 1192 1753 Thucydidem
1236 1703 1301 1750 (cf.
1332 1701 1358 1748 I,
1390 1704 1479 1750 135,
1509 1699 1562 1749 2),

81 1777 222 1816 deinde
253 1775 349 1814 ordo
382 1787 511 1813 rerum
544 1775 581 1812 in
605 1775 740 1812 Persia
772 1786 793 1810 a
815 1772 1078 1810 Themistocle
1109 1774 1307 1821 gestarum
1341 1770 1475 1819 paullo
1508 1768 1561 1806 di-

81 1857 221 1884 versus
244 1843 466 1892 exhibetur,
497 1854 583 1880 cum
616 1840 719 1890 apud
743 1840 1015 1889 Thucydidem
1048 1840 1121 1876 iam
1150 1841 1359 1887 antequam
1388 1837 1561 1885 linguam

82 1913 286 1952 barbaram
319 1910 454 1948 didicit
489 1908 766 1948 beneficiorum
806 1909 889 1957 regi
922 1907 1143 1945 memoriam
1182 1907 1355 1953 revocet3
1394 1904 1561 1952 denique

81 1994 131 2020 ne
168 1982 332 2030 propter
370 1979 467 2016 haee
504 1976 661 2026 quidem
701 1975 891 2014 beneficia
931 1975 978 2012 ab
1009 1976 1229 2012 Artaxerxe
1270 1972 1434 2010 urbibus
1475 1984 1562 2009 eum

84 2050 270 2087 donatum
307 2058 393 2085 esse
430 2045 640 2083 historicus
677 2047 814 2081 auctor
852 2046 921 2092 est,
962 2042 1029 2080 sed
1066 2042 1102 2078 in
1141 2041 1215 2079 fine
1254 2040 1405 2078 demum
1445 2040 1562 2076 totius

84 2115 325 2155 narrationis
363 2113 473 2159 (138,
506 2111 545 2157 5)
587 2112 683 2149 haec
719 2123 782 2149 res
826 2113 1162 2148 commemoratur.
1229 2107 1353 2154 Quam
1393 2108 1442 2144 ob
1484 2119 1562 2144 rem

85 2185 182 2223 nihil
222 2183 294 2221 nisi
335 2194 414 2219 una
453 2181 520 2218 illa
557 2179 753 2218 sententia
795 2182 832 2216 et
869 2177 1101 2215 Artaxerxis
1141 2188 1291 2220 nomen,
1335 2175 1366 2212 si
1408 2174 1563 2223 quidem

85 2252 298 2291 Plutarcho
323 2253 474 2288 tantum
498 2249 617 2286 tribui
641 2248 699 2284 vis
721 2246 977 2293 auctoritatis,
1007 2243 1231 2293 Thucydidi
1252 2243 1425 2281 debetur.
1486 2244 1563 2280 Iam

87 2321 135 2358 ad
173 2317 489 2368 cognoscendum
528 2315 672 2354 fontem
714 2314 948 2352 narrationis
987 2313 1139 2350 duabus
1171 2312 1287 2349 rebus
1324 2311 1566 2348 adiuvamur.

86 2390 186 2426 Nam
218 2387 386 2436 primum
419 2383 576 2433 quidem
615 2383 676 2420 vel
714 2381 851 2419 leviter
889 2380 1038 2418 scholia
1070 2379 1289 2428 perlegenti
1327 2378 1365 2414 in
1397 2382 1565 2426 utroque

89 2454 260 2494 occurrit
290 2452 506 2491 rhetorices
538 2450 695 2499 quidam
733 2449 851 2493 color,
891 2450 933 2485 ut
965 2448 986 2484 l.
1016 2449 1087 2485 30:
1125 2441 1167 2482 εἰ
1199 2436 1258 2481 δι’
1280 2435 1442 2481 enitor
1474 2454 1565 2481 σω-

88 2518 277 2565 θέντες
297 2510 517 2569 Ἕλληνες,
550 2513 594 2554 δι
631 2506 794 2553 αὐτοῦ
818 2507 1102 2552 δουλεύσουσι
1125 2505 1358 2562 βαρβάροις
1388 2517 1455 2548 aut
1482 2512 1504 2548 l.
1525 2514 1567 2549 4:

91 2586 164 2628 καὶ
202 2582 274 2627 διὰ
302 2580 506 2625 θανάτου
548 2585 652 2633 (nam
695 2586 748 2622 sic
786 2588 878 2633 puto
918 2596 1003 2621 esse
1045 2581 1303 2628 scribendum,
1346 2592 1422 2617 non
1462 2571 1569 2627 μετὰ

94 2652 298 2696 θάνατον
328 2656 433 2706 quod
465 2668 622 2694 sensum
655 2667 730 2692 non
763 2650 939 2703 praebet)
977 2645 1055 2688 tor
1084 2642 1408 2699 μισοβάρβαρον
1439 2641 1568 2682 ἐνδει-

204 2801 250 2843 22)
285 2800 305 2833 l.
324 2809 355 2832 a.
379 2809 415 2843 p.
435 2800 495 2831 122
522 2796 604 2830 adn.
628 2800 654 2830 1.
