1830 3201
296 170 346 207 62

293 273 374 318 σὸν
403 270 646 330 θεράποντ)
669 270 887 333 ὀνόμηνεν
923 282 1124 321 causativa
1161 281 1223 321 vel
1258 281 1464 322 transitiva
1495 283 1599 323 notio
1631 283 1767 323 aoristi

296 342 491 398 ἔτραφον
523 349 733 387 invenitur.

406 427 531 475 Quam
563 428 807 466 transitivam
835 429 1034 467 notionem
1057 431 1099 467 ut
1121 432 1350 479 removeret,
1381 428 1610 478 Spitznerus
1632 433 1772 469 contra

293 496 480 545 plurimos
511 497 758 546 optimosque
790 497 908 535 libros
938 496 1212 547 imperfectum
1244 491 1394 547 ἔτρεφε
1427 498 1636 537 nonnullos
1668 498 1773 537 dete-

294 564 415 601 riores
436 564 559 601 libros
586 566 624 602 et
645 565 868 603 testimonia
890 567 1065 603 veterum
1094 568 1252 603 secutus
1278 565 1444 615 scripsit.
1494 567 1771 604 Verumtamen

293 632 331 668 in
363 631 533 669 lectione
564 632 800 681 optimorum
834 632 1011 671 codicum
1044 632 1121 671 fide
1153 633 1383 671 confirmata
1404 645 1635 682 permanere
1658 645 1772 683 posse

294 698 386 736 mihi
417 698 566 737 videor.
627 700 770 747 Quidni
803 700 902 738 enim
935 712 955 738 e
986 701 1186 749 praesenti
1217 703 1393 750 tempore
1431 703 1551 751 atque
1582 701 1726 739 aoristo
1757 701 1773 739 Ι

294 767 597 822 ἣοῖίνίιεθωρθι·
627 768 833 805 transitive
864 769 1065 817 usurpatis
1096 768 1304 806 transitiva
1326 769 1431 807 notio
1463 769 1703 818 quandoque
1734 769 1772 806 in
1827 779 1828 782 ’

294 833 479 872 aoristum
511 835 546 872 ΙΙ
578 835 695 872 activi
725 835 899 885 irrepere
931 836 1115 884 potuerit,
1146 836 1374 885 praesertim
1407 848 1494 874 cum
1526 836 1772 873 transitivam

293 901 490 940 notionem
533 903 646 940 etiam
690 902 728 940 in
770 901 985 951 perfectum
1018 904 1055 940 II
1097 903 1212 940 activi
1252 903 1544 941 intransitivum
1577 898 1773 952 τέτροφα

293 972 422 1008 aetate
452 969 745 1018 posthomerica
776 970 883 1008 velut
920 970 957 1007 in
990 968 1108 1020 Soph.
1130 969 1226 1008 Oed.
1250 970 1290 1009 O.
1316 974 1392 1010 186
1432 975 1470 1009 et
1506 971 1543 1008 in
1583 971 1774 1020 posterio-

293 1037 401 1076 ribus
433 1038 559 1087 poe'tis
591 1037 830 1087 pedetentim
862 1036 1102 1076 descendere
1134 1033 1415 1077 observemus?

588 1238 625 1279 Ε.
672 1235 726 1278 De
757 1236 887 1280 verbis
918 1236 1136 1280 desistendi
1169 1236 1210 1279 et
1240 1236 1485 1290 quiescendi.

918 1338 957 1382 l.
1004 1336 1156 1394 λήγω.

406 1434 465 1471 De
503 1433 618 1471 huius
658 1432 767 1471 verbi
805 1432 1013 1482 principali
1052 1432 1338 1482 significatione
1375 1433 1504 1470 varias
1546 1444 1591 1470 ac
1632 1432 1775 1470 discre-

294 1502 434 1549 pantes
456 1500 741 1550 explicationes
764 1501 978 1549 etymologi
1001 1499 1274 1549 prodiderunt.
1333 1500 1521 1549 Buggius,
1543 1499 1649 1538 Curt.
1666 1499 1774 1538 Stud.

291 1569 359 1618 IV,
381 1571 473 1618 334,
504 1568 667 1606 verbum
700 1568 747 1605 ad
780 1568 949 1606 radicem
977 1566 1116 1616 „lagh“
1152 1579 1344 1606 revocans
1374 1567 1619 1605 transitivam
1651 1567 1775 1605 notio-

292 1648 378 1674 nem
415 1636 523 1685 „lege
556 1635 711 1685 nicder,
748 1648 851 1685 weg,
890 1636 992 1673 lasse
1023 1635 1241 1686 aufhoren,
1272 1634 1516 1685 besanftig&
1553 1646 1639 1673 esse
1670 1635 1775 1684 prin-

292 1704 454 1754 cipalem
487 1703 652 1753 censuit,
683 1703 752 1741 sed
786 1703 887 1741 hanc
917 1704 1151 1741 sententiam
1184 1703 1431 1753 impugnavit
1453 1703 1624 1752 Curtius,
1640 1701 1774 1741 Ve1·b.·2
1826 1736 1827 1746 ,

292 1773 321 1820 Ι,
344 1775 435 1810 224.
496 1772 554 1809 Ex
586 1771 765 1809 omnibus
797 1771 938 1809 ceteris
967 1771 1230 1820 opinionibus,
1260 1783 1358 1820 quas
1387 1771 1563 1809 homines
1586 1769 1700 1815 docti,
1733 1772 1775 1808 ut
1827 1813 1830 1816 ,

292 1839 606 1888 Schoenbergius
638 1839 686 1876 K.
709 1839 746 1875 Ζ.
770 1839 912 1887 XVIII,
935 1841 1025 1883 311,
1058 1839 1138 1876 Leo
1172 1840 1356 1887 Meyerus
1389 1839 1436 1876 Κ.
1454 1839 1492 1876 Z.
1515 1838 1658 1887 XXIII,
1680 1840 1774 1887 412,
1826 1854 1827 1865 2

292 1909 602 1955 proposuerunt,
644 1906 956 1955 probabilissima
993 1905 1150 1943 videtur
1188 1919 1252 1955 ea,
1293 1918 1409 1954 quam
1441 1906 1587 1944 habent
1618 1905 1774 1944 Curtius
1826 1894 1830 1943 ἦ

293 1974 372 2011 Et.5
407 1976 502 2022 1833
535 1969 724 2012 Vanicek.
750 1974 799 2022 ΙΙ,
819 1975 917 2022 83(’);
948 1971 1076 2011 Fick.3
1098 1974 1146 2023 ΙΙ,
1169 1975 1260 2012 217.
1321 1974 1379 2011 Ex
1413 1986 1546 2011 eorum
1579 1973 1775 2011 sententia

294 2035 411 2091 λὴγω
444 2042 563 2080 verbo
595 2042 738 2080 Latino
765 2041 982 2091 „langue0“
1010 2043 1220 2090 cognatum
1250 2045 1319 2079 est.
1378 2041 1496 2079 Verbi
1527 2042 1647 2090 igitur
1667 2040 1773 2089 prin-

294 2110 456 2159 cipalem
489 2110 566 2146 vim
598 2109 719 2147 fuisse
750 2108 1039 2146 intransitivam
1072 2111 1191 2158 atque
1223 2121 1269 2146 ex
1302 2121 1347 2146 ea
1378 2109 1617 2146 causativam
1649 2108 1772 2146 notio·

294 2189 380 2215 nem
424 2189 509 2215 esse
551 2179 675 2215 ortam
715 2177 924 2214 verisimile
966 2179 1035 2215 est.
1097 2176 1322 2226 Composita
1360 2175 1476 2214 huius
1515 2175 1626 2214 verbi
1667 2174 1772 2224 apud
1825 2170 1826 2182 ³

293 2245 505 2282 Home1um
549 2244 666 2282 obvia
704 2233 929 2293 απολήγω,
969 2236 1203 2293 gae-warsten
1241 2255 1382 2281 revera
1411 2243 1492 2281 solo
1526 2243 1773 2281 intransitivo

293 2323 453 2349 munere
495 2310 725 2360 funguntur.
793 2312 942 2349 Notatu
984 2311 1147 2361 dignum
1193 2314 1252 2349 est
1291 2311 1530 2349 causativam
1573 2310 1770 2348 notionem
1825 2308 1826 2312 ’

292 2379 402 2417 verbi
436 2369 556 2428 ληγω
588 2391 780 2428 nusquam
814 2379 903 2417 alibi
936 2380 1009 2417 nisi
1039 2379 1078 2416 in
1109 2379 1280 2416 Homero
1313 2378 1403 2427 legi.

405 2456 595 2504 Quoniam
627 2469 720 2494 vero
752 2456 833 2494 Leo
857 2455 1083 2505 Meyerus1)
1116 2456 1164 2494 de
1195 2456 1303 2494 verbi
1337 2448 1458 2506 λήγω
1488 2455 1772 2505 significatione
1826 2491 1830 2509 ,

292 2523 556 2574 copiosissime
593 2523 790 2562 disserens
828 2523 877 2561 ad
915 2524 1151 2562 contrariam
1190 2524 1371 2572 pervenit
1401 2523 1644 2572 opinionem,
1688 2522 1772 2560 eius

293 2603 433 2630 causas
471 2591 715 2629 exactissimo
751 2590 895 2629 iudicio
933 2591 1154 2629 examinare
1184 2602 1282 2639 opus
1314 2591 1401 2628 erit.
1459 2591 1498 2628 ‘Is
1530 2591 1631 2628 enim
1663 2592 1772 2628 tran·
1828 2635 1830 2643 y

405 2735 433 2773 1)
466 2730 520 2768 Cf,
545 2731 837 2774 Bezzenbergers
868 2731 1038 2775 Beitriige
1063 2741 1127 2765 zur
1152 2730 1285 2764 Kunde
1311 2730 1375 2764 der
1399 2729 1769 2774 indogermanischen

294 2788 443 2824 Vorzeit
467 2787 530 2832 VI,
555 2789 618 2822 298
633 2798 714 2831 sqq.

1825 2088 1830 2125 i

1825 2240 1830 2275 i
