1830 3201
310 166 388 204 346

309 281 319 317 1
366 281 416 318 35
462 271 542 315 τὸν
590 272 808 325 ἐλέφαντα
853 271 933 315 τὸν
978 274 1036 324 εἷς
1076 272 1153 323 τὰς
1191 276 1396 331 φολίδας;
1442 282 1465 320 l.
1498 286 1520 321 3
1562 277 1782 334 ἐζημιώθη

308 343 422 396 φυγῇ
454 348 492 383 et
522 346 542 382 1.
574 348 623 384 36
656 339 823 396 ([υγών,
855 346 903 385 cf.
925 346 1123 397 Sauppius
1155 348 1177 384 l.
1200 361 1232 385 a.
1260 361 1295 396 p.
1321 348 1427 398 189),
1458 353 1500 387 ut
1531 351 1603 388 hoe
1635 351 1783 390 scholio

306 415 399 453 nihil
439 414 626 463 probetur
672 414 745 451 nisi
786 418 985 452 auctorem
1031 415 1147 453 liuius
1184 416 1319 454 scholii
1364 417 1436 454 iam
1480 418 1621 466 legisse
1661 419 1783 456 verba

305 473 530 519 ἀπέθανεν
566 469 655 517 ὑπὸ
686 471 872 518 Ἠλείων.
938 481 1014 520 Sed
1052 485 1182 520 certae
1225 485 1381 521 exstare
1418 483 1601 522 videntur
1643 497 1783 523 causae

305 563 374 588 cur
424 549 598 587 Phidiam
650 550 728 587 illic
781 562 936 588 caesum
989 562 1073 588 esse
1124 554 1302 589 vetemur
1351 552 1526 590 credere.
1606 553 1782 600 Quarum

304 617 515 656 nonnullas
555 618 628 654 iam
671 617 858 656 indicavit
898 616 1108 667 Sauppius,
1150 618 1173 655 l.
1205 632 1238 656 a.
1270 632 1306 668 p.
1336 621 1425 665 193,
1466 632 1563 669 quas
1604 624 1783 671 repetere

303 686 436 728 nolim;
482 684 634 722 accedit
670 684 779 734 quod
813 686 1022 734 permirum
1065 689 1166 724 esset
1213 686 1318 735 quod
1359 699 1407 725 ne
1445 688 1651 737 vestigium
1695 690 1781 738 qui-

303 753 388 791 dem
436 756 664 802 superesset
709 753 824 791 huius
871 754 926 791 rei
974 754 1012 791 in
1059 753 1200 792 fabulis
1250 758 1287 792 et
1331 755 1639 804 narrationibus,
1680 769 1782 806 quae

302 821 503 869 Olympiae
535 819 772 858 ferebantur.
832 820 955 867 Quam
980 820 1028 858 ob
1050 833 1130 858 rem
1154 820 1302 859 frustra
1323 824 1418 870 puto
1442 823 1780 861 Wilamowitzium

301 888 370 926 niti
394 890 530 925 contra
553 888 651 925 alios
672 887 848 925 homines
870 887 1016 926 doctos.
1077 888 1152 926 Sed
1182 888 1274 938 quid
1297 888 1517 927 faciendum
1541 891 1671 928 verbis
1691 880 1782 928 ὖπό

300 949 499 993 macor?
559 955 670 1002 Quae
702 955 748 992 ab
780 956 867 993 aliis
898 956 1014 994 aliter
1045 959 1190 994 mutata
1221 960 1322 994 sunt.
1383 958 1434 996 Ut
1463 957 1671 1008 Sauppius,
1703 959 1726 997 1.
1747 971 1780 996 a.

300 1037 336 1073 p.
367 1026 457 1071 193,
497 1026 611 1072 putat
651 1035 696 1061 ea
735 1035 821 1061 esse
861 1025 973 1072 quasi
1014 1024 1284 1073 repetitionem
1324 1037 1457 1062 earum
1496 1037 1637 1071 rerum,
1679 1038 1780 1075 quae

299 1090 463 1129 Athenis
503 1093 635 1139 gestae
677 1094 819 1139 essent,
860 1091 1078 1129 Sehoellius
1120 1103 1164 1128 ea
1206 1104 1226 1129 e
1267 1091 1466 1130 rhetorum
1509 1093 1652 1130 scholis
1694 1105 1780 1132 esse

298 1159 544 1208 interpolata,
579 1170 601 1195 a
631 1158 773 1206 quibus
805 1170 881 1195 non
915 1158 1083 1196 alienum
1117 1170 1202 1196 esse
1240 1158 1337 1197 tales
1368 1171 1430 1198 res
1468 1161 1627 1198 tractari
1666 1160 1781 1200 docet

298 1227 447 1265 Seneca
478 1226 661 1264 Controv.
683 1226 787 1274 VIII,
810 1228 833 1263 2
866 1228 904 1263 et
934 1226 1059 1263 Anon.
1082 1225 1229 1264 Techn.
1252 1226 1413 1264 rhetor.:
1445 1226 1637 1276 Spengel„
1668 1228 1780 1267 Rhet.

297 1306 427 1344 graec.
464 1294 480 1330 Ι
522 1306 559 1342 p.
589 1296 668 1331 455
711 1292 733 1330 l.
767 1296 833 1341 13,
877 1305 963 1330 cum
1004 1293 1065 1331 alii
1104 1293 1385 1332 mutationibus
1425 1294 1510 1332 loco
1550 1296 1778 1334 medicinam

297 1363 438 1400 afferre
488 1360 709 1406 studerent,
761 1363 803 1398 ut
853 1361 1092 1398 Petersenus
1145 1360 1221 1410 legi
1274 1361 1359 1399 vult
1409 1350 1486 1398 ’ὑπ’
1521 1351 1778 1413 Άθηναίων,

297 1430 497 1469 Brunnius
529 1428 736 1478 proposuit
762 1428 883 1466 verba
915 1431 1000 1465 orta
1022 1439 1108 1465 esse
1140 1440 1187 1466 ex
1218 1422 1339 1478 παρὰ
1362 1426 1487 1475 (τῶν)
1508 1420 1682 1467 Ἠλείων
1712 1430 1777 1478 (cf.

297 1497 416 1535 schol.
439 1497 472 1534 II
505 1497 528 1533 1.
550 1493 604 1545 4),
635 1495 1157 1544 Muelle1·us-Struebingius,
1188 1496 1208 1533 l.
1238 1509 1270 1534 a.
1302 1509 1337 1545 p.
1368 1500 1459 1544 336,
1490 1497 1640 1535 addidit
1670 1498 1779 1536 θαυ-

295 1558 537 1615 μαζόμενος
568 1564 649 1601 sive
679 1556 936 1612 τιμώμειός,
969 1563 1161 1601 Weberus
1193 1562 1374 1612 denique,
1412 1564 1517 1613 quod
1555 1566 1628 1603 ioci
1659 1578 1777 1604 causa

295 1634 471 1681 afferam,
509 1631 666 1679 scripsit
701 1619 778 1667 ὑπ’
799 1625 1010 1676 εἰλεοῖνἩ)
1055 1630 1119 1676 (an
1151 1631 1610 1681 Darmversclilingung).
1671 1633 1775 1672 Nihil

294 1700 472 1738 omnibus
493 1699 665 1736 numeris
697 1698 918 1736 absolutum
941 1701 1009 1743 est,
1042 1701 1079 1736 et
1105 1711 1256 1749 vereor,
1286 1702 1328 1737 ut
1359 1699 1464 1749 quod
1494 1700 1576 1749 ipse
1605 1701 1777 1756 afferam,

295 1768 418 1806 multo
441 1767 691 1805 verisimilius
714 1767 772 1804 sit.
822 1763 930 1804 Nam'
955 1779 1038 1804 cum
1063 1769 1180 1805 antea
1202 1767 1413 1805 viderimus
1443 1769 1775 1807 constructionem

293 1836 440 1881 scholii,
469 1847 584 1883 quam
607 1833 801 1884 Sauppius
824 1835 1040 1884 proposuit,
1063 1835 1126 1871 alii
1149 1834 1428 1884 probaverunt,
1449 1847 1537 1874 esse
1563 1835 1773 1874 admodum

292 1903 554 1951 artificiosam,
585 1904 623 1940 et
653 1902 754 1939 hanc
784 1901 1057 1940 difficultatem
1088 1905 1183 1950 puto
1215 1902 1407 1941 removeri
1439 1906 1477 1941 et
1508 1903 1647 1942 falsum
1675 1904 1773 1942 illud

297 1961 384 2008 ὕπὸ
414 1961 604 2016 Ἠλείων,
641 1970 671 2007 si
703 1982 775 2019 pro
807 1970 865 2007 his
896 1969 1026 2007 verbis
1057 1969 1195 2007 scribis
1227 1966 1300 2006 καὶ
1330 1963 1478 2017 πάλιν,
1516 1983 1536 2009 e
1568 1972 1709 2020 quibus
1740 1972 1771 2008 si

291 2038 547 2087 neglegenter
584 2037 836 2086 legebantur,
874 2037 1104 2086 praesertim
1143 2049 1228 2074 cum
1267 2039 1384 2076 antea
1421 2038 1468 2076 de
1505 2038 1606 2076 Eleis
1644 2051 1772 2077 sermo

290 2105 411 2154 fieret,
447 2093 519 2141 ὑπ’
542 2094 719 2141 Ἠλείων
755 2104 883 2153 potuit
913 2103 1016 2142 oriri.
1076 2104 1191 2151 Quod
1228 2105 1301 2142 iam
1339 2105 1434 2143 satis
1470 2106 1641 2155 antiquis
1679 2108 1770 2144 tem-

291 2173 453 2221 poribus
503 2172 648 2209 factum
694 2183 777 2209 esse
831 2171 945 2209 docet
994 2171 1160 2209 alterum
1208 2172 1408 2210 scholium.
1481 2171 1769 2211 Sententiarum

290 2252 429 2277 nexum
462 2242 591 2277 autem
623 2239 695 2276 iam
729 2239 849 2276 habes
880 2239 1000 2276 hunc:
1042 2232 1284 2288 Φιλόχορος
1322 2233 1394 2276 ἐπὶ
1429 2233 1666 2291 Θεοδώρου
1697 2231 1769 2290 ἂρ-

287 2317 445 2355 χοντος
476 2299 613 2343 ταῦτά
634 2314 738 2357 φησι
763 2336 770 2344 .
795 2336 801 2343 .
827 2336 834 2343 .
860 2336 867 2344 .
890 2304 1025 2343 τοῦτο
1059 2302 1104 2343 δὲ
1134 2298 1474 2356 ἐξεργασάμενος
1506 2298 1769 2358 ἀποθανεῖν,

289 2370 356 2409 καὶ
401 2364 537 2410 ,πάλιν
578 2367 649 2410 ἐπὶ
686 2366 982 2423 Πυθοδώρου,
1023 2369 1119 2423 περὶ
1158 2373 1214 2411 M.
1249 2366 1401 2421 εἰπών,
1442 2372 1508 2414 (sc.
1539 2373 1658 2426 φησι)
1699 2366 1768 2413 ὅτι

289 2436 356 2476 καὶ
395 2439 489 2477 κτλ.

400 2507 439 2550 8)
483 2507 611 2546 Schol.
644 2509 732 2546 Pac.
767 2511 858 2558 665,
899 2508 963 2546 ubi
1004 2509 1079 2547 tria
1118 2509 1238 2547 habes
1275 2508 1443 2548 scholia:
1483 2510 1499 2547 1
1536 2511 1559 2547 l.
1591 2513 1764 2550 20—26

288 2575 513 2613 Philochori
560 2575 821 2625 fragmentum
874 2576 1068 2625 praebens
1115 2576 1163 2614 ad
1209 2576 1371 2614 verbum
1418 2578 1655 2627 exscriptum
1703 2577 1766 2625 (cf.

397 2683 441 2724 25)
469 2681 523 2715 (Jf.
542 2683 774 2724 Petersenus‚
792 2680 906 2716 Arch.
923 2683 1079 2726 Zcitung
1100 2686 1181 2718 1867
1206 2693 1240 2727 p.
1260 2686 1319 2727 233
1344 2683 1537 2728 Brunnius,
1555 2683 1765 2728 Sitzungsb.

286 2737 319 2770 d.
347 2736 422 2779 kgl.
446 2738 572 2781 bayer.
589 2737 708 2772 Akad.
734 2738 822 2781 phil.
848 2739 902 2772 Kl.
934 2742 1034 2780 18783
1059 2739 1251 2783 Weberus,
1275 2740 1367 2773 Mus.
1384 2739 1499 2774 Rhen.
1522 2740 1564 2774 N.
1582 2741 1620 2774 F.
1644 2739 1763 2774 XLIV

285 2804 319 2836 p.
339 2796 412 2826 307.
