<?xml version="1.0" encoding="UTF-8"?>
<!DOCTYPE html PUBLIC "-//W3C//DTD XHTML 1.0 Transitional//EN"
    "http://www.w3.org/TR/xhtml1/DTD/xhtml1-transitional.dtd">
<html xmlns="http://www.w3.org/1999/xhtml" xml:lang="en" lang="en">
 <head>
  <title>
</title>
<meta http-equiv="Content-Type" content="text/html;charset=utf-8" />
  <meta name='ocr-system' content='tesseract 3.04.00' />
  <meta name='ocr-capabilities' content='ocr_page ocr_carea ocr_par ocr_line ocrx_word'/>
</head>
<body>
  <div class='ocr_page' id='page_1' title='image "./deverbisetintran00hilduoft_0378.png"; bbox 0 0 1830 3201; ppageno 0'>
   <div class='ocr_carea' id='block_1_1' title="bbox 283 161 362 197">
    <p class='ocr_par' dir='ltr' id='par_1_1' title="bbox 283 161 362 197">
     <span class='ocr_line' id='line_1_1' title="bbox 283 161 362 197; baseline 0 0"><span class='ocrx_word' id='word_1_1' title='bbox 283 161 362 197; x_wconf 82' lang='lat'>372</span> 
     </span>
    </p>
   </div>
   <div class='ocr_carea' id='block_1_2' title="bbox 278 263 1758 2005">
    <p class='ocr_par' dir='ltr' id='par_1_2' title="bbox 278 263 1758 2005">
     <span class='ocr_line' id='line_1_2' title="bbox 282 263 1757 321; baseline 0.007 -15"><span class='ocrx_word' id='word_1_2' title='bbox 282 269 450 318; x_wconf 78' lang='lat' dir='ltr'><strong>priorem</strong></span> <span class='ocrx_word' id='word_1_3' title='bbox 485 263 718 320; x_wconf 45' lang='grc' dir='ltr'>(δυνάμει)</span> <span class='ocrx_word' id='word_1_4' title='bbox 750 283 769 308; x_wconf 86' lang='grc'>6</span> <span class='ocrx_word' id='word_1_5' title='bbox 798 274 938 319; x_wconf 72' lang='lat' dir='ltr'>poetae</span> <span class='ocrx_word' id='word_1_6' title='bbox 960 273 1088 310; x_wconf 88' lang='lat' dir='ltr'>verbis</span> <span class='ocrx_word' id='word_1_7' title='bbox 1120 273 1320 321; x_wconf 68' lang='lat' dir='ltr'>fictam-²²⁶),</span> <span class='ocrx_word' id='word_1_8' title='bbox 1351 276 1511 314; x_wconf 85' lang='lat' dir='ltr'>alteram</span> <span class='ocrx_word' id='word_1_9' title='bbox 1545 290 1592 314; x_wconf 83' lang='lat' dir='ltr'>ex</span> <span class='ocrx_word' id='word_1_10' title='bbox 1623 278 1757 316; x_wconf 89' lang='lat' dir='ltr'>eodem</span> 
     </span>
     <span class='ocr_line' id='line_1_3' title="bbox 281 337 1758 393; baseline 0.007 -20"><span class='ocrx_word' id='word_1_11' title='bbox 281 337 558 375; x_wconf 85' lang='lat' dir='ltr'>commentario</span> <span class='ocrx_word' id='word_1_12' title='bbox 597 349 675 386; x_wconf 88' lang='lat' dir='ltr'>quo</span> <span class='ocrx_word' id='word_1_13' title='bbox 713 338 833 375; x_wconf 87' lang='lat' dir='ltr'>schol.</span> <span class='ocrx_word' id='word_1_14' title='bbox 864 340 916 376; x_wconf 85' lang='lat' dir='ltr'>IV</span> <span class='ocrx_word' id='word_1_15' title='bbox 952 342 1161 388; x_wconf 79' lang='lat' dir='ltr'>sumptam,</span> <span class='ocrx_word' id='word_1_16' title='bbox 1200 342 1266 390; x_wconf 92' lang='lat' dir='ltr'>qui</span> <span class='ocrx_word' id='word_1_17' title='bbox 1306 341 1402 380; x_wconf 83' lang='lat' dir='ltr'>haec</span> <span class='ocrx_word' id='word_1_18' title='bbox 1442 342 1522 381; x_wconf 87' lang='lat' dir='ltr'>fere</span> <span class='ocrx_word' id='word_1_19' title='bbox 1560 345 1758 393; x_wconf 81' lang='lat' dir='ltr'>exposuit:</span> 
     </span>
     <span class='ocr_line' id='line_1_4' title="bbox 280 404 1758 454; baseline 0.007 -15"><span class='ocrx_word' id='word_1_20' title='bbox 280 404 380 440; x_wconf 85' lang='lat' dir='ltr'>bello</span> <span class='ocrx_word' id='word_1_21' title='bbox 412 404 750 452; x_wconf 79' lang='lat' dir='ltr'>Peloponnesiaco</span> <span class='ocrx_word' id='word_1_22' title='bbox 790 409 962 454; x_wconf 87' lang='lat' dir='ltr'>peracto,</span> <span class='ocrx_word' id='word_1_23' title='bbox 1004 418 1090 444; x_wconf 89' lang='lat' dir='ltr'>cum</span> <span class='ocrx_word' id='word_1_24' title='bbox 1127 408 1218 445; x_wconf 86' lang='lat' dir='ltr'>socii</span> <span class='ocrx_word' id='word_1_25' title='bbox 1257 413 1394 447; x_wconf 85' lang='lat' dir='ltr'>eontra</span> <span class='ocrx_word' id='word_1_26' title='bbox 1423 409 1758 450; x_wconf 84' lang='lat' dir='ltr'>Lacedaemonios</span> 
     </span>
     <span class='ocr_line' id='line_1_5' title="bbox 280 467 1756 528; baseline 0.007 -22"><span class='ocrx_word' id='word_1_27' title='bbox 280 483 387 507; x_wconf 80' lang='lat' dir='ltr'>arma</span> <span class='ocrx_word' id='word_1_28' title='bbox 418 470 626 519; x_wconf 79' lang='lat' dir='ltr'>cepissent,</span> <span class='ocrx_word' id='word_1_29' title='bbox 663 471 924 510; x_wconf 82' lang='lat' dir='ltr'>Athenienses</span> <span class='ocrx_word' id='word_1_30' title='bbox 962 486 1045 511; x_wconf 84' lang='lat' dir='ltr'>eum</span> <span class='ocrx_word' id='word_1_31' title='bbox 1086 473 1311 513; x_wconf 77' lang='lat' dir='ltr'>Corinthum</span> <span class='ocrx_word' id='word_1_32' title='bbox 1350 477 1538 515; x_wconf 80' lang='lat' dir='ltr'>haberent</span> <span class='ocrx_word' id='word_1_33' title='bbox 1575 467 1756 528; x_wconf 82' lang='grc' dir='ltr'><em>ὁρμητή-</em></span> 
     </span>
     <span class='ocr_line' id='line_1_6' title="bbox 279 538 1755 587; baseline 0.007 -14"><span class='ocrx_word' id='word_1_34' title='bbox 279 548 376 587; x_wconf 76' lang='grc' dir='ltr'><em>ριον</em></span> <span class='ocrx_word' id='word_1_35' title='bbox 408 540 545 575; x_wconf 86' lang='lat' dir='ltr'>contra</span> <span class='ocrx_word' id='word_1_36' title='bbox 565 538 899 577; x_wconf 83' lang='lat' dir='ltr'>Lacedaemonios</span> <span class='ocrx_word' id='word_1_37' title='bbox 930 544 1090 578; x_wconf 82' lang='lat' dir='ltr'>auctore</span> <span class='ocrx_word' id='word_1_38' title='bbox 1113 542 1271 580; x_wconf 85' lang='lat' dir='ltr'>Conone</span> <span class='ocrx_word' id='word_1_39' title='bbox 1295 544 1507 581; x_wconf 83' lang='lat' dir='ltr'>exercitum</span> <span class='ocrx_word' id='word_1_40' title='bbox 1530 557 1755 583; x_wconf 84' lang='lat' dir='ltr'>mercenna—</span> 
     </span>
     <span class='ocr_line' id='line_1_7' title="bbox 280 605 1757 662; baseline 0.007 -22"><span class='ocrx_word' id='word_1_41' title='bbox 280 605 376 641; x_wconf 83' lang='grc'><em>1·111[11</em></span> <span class='ocrx_word' id='word_1_42' title='bbox 400 605 663 652; x_wconf 85' lang='lat' dir='ltr'>instituerunt,</span> <span class='ocrx_word' id='word_1_43' title='bbox 686 607 745 643; x_wconf 88' lang='lat' dir='ltr'>cui</span> <span class='ocrx_word' id='word_1_44' title='bbox 768 611 905 655; x_wconf 85' lang='lat' dir='ltr'>postea</span> <span class='ocrx_word' id='word_1_45' title='bbox 930 608 1145 656; x_wconf 89' lang='lat' dir='ltr'>Iphicrates</span> <span class='ocrx_word' id='word_1_46' title='bbox 1172 609 1394 658; x_wconf 83' lang='lat' dir='ltr'>praefectus</span> <span class='ocrx_word' id='word_1_47' title='bbox 1416 614 1483 649; x_wconf 88' lang='lat' dir='ltr'>est.</span> <span class='ocrx_word' id='word_1_48' title='bbox 1527 613 1605 649; x_wconf 86' lang='lat' dir='ltr'>Iam</span> <span class='ocrx_word' id='word_1_49' title='bbox 1635 625 1757 662; x_wconf 83' lang='lat' dir='ltr'>quae-</span> 
     </span>
     <span class='ocr_line' id='line_1_8' title="bbox 280 671 1757 727; baseline 0.007 -20"><span class='ocrx_word' id='word_1_50' title='bbox 280 674 410 708; x_wconf 84' lang='lat' dir='ltr'>rentes</span> <span class='ocrx_word' id='word_1_51' title='bbox 452 671 555 709; x_wconf 88' lang='lat' dir='ltr'>unde</span> <span class='ocrx_word' id='word_1_52' title='bbox 599 672 700 710; x_wconf 78' lang='lat' dir='ltr'>hanc</span> <span class='ocrx_word' id='word_1_53' title='bbox 745 673 1006 722; x_wconf 85' lang='lat' dir='ltr'>cognitionem</span> <span class='ocrx_word' id='word_1_54' title='bbox 1050 678 1260 725; x_wconf 85' lang='lat' dir='ltr'>sumpserit</span> <span class='ocrx_word' id='word_1_55' title='bbox 1306 677 1546 727; x_wconf 82' lang='lat' dir='ltr'>scholiastes,</span> <span class='ocrx_word' id='word_1_56' title='bbox 1591 679 1757 718; x_wconf 84' lang='lat' dir='ltr'>fortasse</span> 
     </span>
     <span class='ocr_line' id='line_1_9' title="bbox 279 738 1757 793; baseline 0.008 -20"><span class='ocrx_word' id='word_1_57' title='bbox 279 738 563 787; x_wconf 81' lang='lat' dir='ltr'>aliquantulum</span> <span class='ocrx_word' id='word_1_58' title='bbox 598 739 830 778; x_wconf 80' lang='lat' dir='ltr'>adiuvamur</span> <span class='ocrx_word' id='word_1_59' title='bbox 863 741 910 779; x_wconf 85' lang='lat' dir='ltr'>ab</span> <span class='ocrx_word' id='word_1_60' title='bbox 944 743 1255 791; x_wconf 82' lang='lat' dir='ltr'>Harpocratione</span> <span class='ocrx_word' id='word_1_61' title='bbox 1293 757 1407 793; x_wconf 86' lang='lat' dir='ltr'>quem</span> <span class='ocrx_word' id='word_1_62' title='bbox 1440 757 1525 783; x_wconf 89' lang='lat' dir='ltr'>cum</span> <span class='ocrx_word' id='word_1_63' title='bbox 1558 757 1587 783; x_wconf 88' lang='lat' dir='ltr'>s.</span> <span class='ocrx_word' id='word_1_64' title='bbox 1608 759 1644 784; x_wconf 88' lang='lat' dir='ltr'>v.</span> <span class='ocrx_word' id='word_1_65' title='bbox 1672 744 1757 784; x_wconf 93' lang='grc' dir='ltr'>Πο-</span> 
     </span>
     <span class='ocr_line' id='line_1_10' title="bbox 285 795 1756 862; baseline 0.008 -22"><span class='ocrx_word' id='word_1_66' title='bbox 285 795 529 855; x_wconf 63' lang='grc' dir='ltr'><em>λ’1’·στρατος</em></span> <span class='ocrx_word' id='word_1_67' title='bbox 559 806 608 843; x_wconf 87' lang='lat' dir='ltr'>ad</span> <span class='ocrx_word' id='word_1_68' title='bbox 636 808 888 846; x_wconf 87' lang='lat' dir='ltr'>Demosthen.</span> <span class='ocrx_word' id='word_1_69' title='bbox 916 809 1013 846; x_wconf 90' lang='lat' dir='ltr'>Phil.</span> <span class='ocrx_word' id='word_1_70' title='bbox 1035 810 1063 858; x_wconf 93' lang='grc' dir='ltr'>Ι,</span> <span class='ocrx_word' id='word_1_71' title='bbox 1087 812 1164 849; x_wconf 85' lang='grc'>146</span> <span class='ocrx_word' id='word_1_72' title='bbox 1196 815 1399 860; x_wconf 82' lang='lat' dir='ltr'>spectante</span> <span class='ocrx_word' id='word_1_73' title='bbox 1422 812 1579 862; x_wconf 87' lang='lat' dir='ltr'>Didymi</span> <span class='ocrx_word' id='word_1_74' title='bbox 1610 814 1657 851; x_wconf 84' lang='lat' dir='ltr'>ad</span> <span class='ocrx_word' id='word_1_75' title='bbox 1680 815 1756 852; x_wconf 89' lang='lat' dir='ltr'>De-</span> 
     </span>
     <span class='ocr_line' id='line_1_11' title="bbox 281 873 1755 929; baseline 0.007 -20"><span class='ocrx_word' id='word_1_76' title='bbox 281 873 519 911; x_wconf 84' lang='lat' dir='ltr'>mosthenem</span> <span class='ocrx_word' id='word_1_77' title='bbox 553 876 832 913; x_wconf 88' lang='lat' dir='ltr'>commentario</span> <span class='ocrx_word' id='word_1_78' title='bbox 864 887 905 913; x_wconf 87' lang='lat' dir='ltr'>se</span> <span class='ocrx_word' id='word_1_79' title='bbox 936 888 1049 914; x_wconf 89' lang='lat' dir='ltr'>usum</span> <span class='ocrx_word' id='word_1_80' title='bbox 1081 889 1165 915; x_wconf 90' lang='lat' dir='ltr'>esse</span> <span class='ocrx_word' id='word_1_81' title='bbox 1196 879 1281 927; x_wconf 91' lang='lat' dir='ltr'>ipse</span> <span class='ocrx_word' id='word_1_82' title='bbox 1305 878 1419 925; x_wconf 81' lang='lat' dir='ltr'>dicat,</span> <span class='ocrx_word' id='word_1_83' title='bbox 1450 892 1575 929; x_wconf 86' lang='lat' dir='ltr'>paene</span> <span class='ocrx_word' id='word_1_84' title='bbox 1607 884 1755 919; x_wconf 84' lang='lat' dir='ltr'>certum</span> 
     </span>
     <span class='ocr_line' id='line_1_12' title="bbox 279 939 1756 994; baseline 0.006 -18"><span class='ocrx_word' id='word_1_85' title='bbox 279 942 336 977; x_wconf 87' lang='lat' dir='ltr'>est</span> <span class='ocrx_word' id='word_1_86' title='bbox 373 939 508 977; x_wconf 88' lang='lat' dir='ltr'>eodem</span> <span class='ocrx_word' id='word_1_87' title='bbox 547 940 789 979; x_wconf 85' lang='lat' dir='ltr'>Chalcenteri</span> <span class='ocrx_word' id='word_1_88' title='bbox 827 943 928 981; x_wconf 88' lang='lat' dir='ltr'>libro</span> <span class='ocrx_word' id='word_1_89' title='bbox 970 944 1006 981; x_wconf 91' lang='lat' dir='ltr'>in</span> <span class='ocrx_word' id='word_1_90' title='bbox 1041 956 1151 982; x_wconf 89' lang='lat' dir='ltr'>usum</span> <span class='ocrx_word' id='word_1_91' title='bbox 1184 957 1350 984; x_wconf 86' lang='lat' dir='ltr'>vocasse</span> <span class='ocrx_word' id='word_1_92' title='bbox 1388 958 1416 984; x_wconf 88' lang='lat' dir='ltr'>s.</span> <span class='ocrx_word' id='word_1_93' title='bbox 1437 959 1472 984; x_wconf 89' lang='lat' dir='ltr'>v.</span> <span class='ocrx_word' id='word_1_94' title='bbox 1504 940 1678 994; x_wconf 75' lang='grc' dir='ltr'><em>ξενικὸν</em></span> <span class='ocrx_word' id='word_1_95' title='bbox 1709 942 1756 985; x_wconf 77' lang='grc' dir='ltr'>ἐν</span> 
     </span>
     <span class='ocr_line' id='line_1_13' title="bbox 281 1003 1755 1059; baseline 0.008 -17"><span class='ocrx_word' id='word_1_96' title='bbox 281 1003 493 1056; x_wconf 73' lang='grc' dir='ltr'><em>Κοριίθῳ</em></span> <span class='ocrx_word' id='word_1_97' title='bbox 524 1006 587 1054; x_wconf 87' lang='lat' dir='ltr'>(cf.</span> <span class='ocrx_word' id='word_1_98' title='bbox 617 1008 723 1046; x_wconf 87' lang='lat' dir='ltr'>Suid.</span> <span class='ocrx_word' id='word_1_99' title='bbox 754 1021 782 1047; x_wconf 88' lang='lat' dir='ltr'>s</span> <span class='ocrx_word' id='word_1_100' title='bbox 804 1022 839 1047; x_wconf 91' lang='lat' dir='ltr'>v.</span> <span class='ocrx_word' id='word_1_101' title='bbox 866 1003 1043 1058; x_wconf 69' lang='grc' dir='ltr'><em>ξενικόι</em></span> <span class='ocrx_word' id='word_1_102' title='bbox 1073 1013 1181 1049; x_wconf 78' lang='lat' dir='ltr'>artic.</span> <span class='ocrx_word' id='word_1_103' title='bbox 1203 1011 1236 1059; x_wconf 92' lang='grc' dir='ltr'>Ι)</span> <span class='ocrx_word' id='word_1_104' title='bbox 1268 1013 1317 1050; x_wconf 85' lang='lat' dir='ltr'>ad</span> <span class='ocrx_word' id='word_1_105' title='bbox 1339 1013 1503 1051; x_wconf 89' lang='lat' dir='ltr'>eundem</span> <span class='ocrx_word' id='word_1_106' title='bbox 1526 1015 1755 1053; x_wconf 88' lang='lat' dir='ltr'>Demosthe-</span> 
     </span>
     <span class='ocr_line' id='line_1_14' title="bbox 279 1074 1756 1132; baseline 0.006 -22"><span class='ocrx_word' id='word_1_107' title='bbox 279 1074 339 1110; x_wconf 85' lang='lat' dir='ltr'>nis</span> <span class='ocrx_word' id='word_1_108' title='bbox 370 1074 496 1111; x_wconf 90' lang='lat' dir='ltr'>locum</span> <span class='ocrx_word' id='word_1_109' title='bbox 530 1078 744 1123; x_wconf 80' lang='lat' dir='ltr'>spectante,</span> <span class='ocrx_word' id='word_1_110' title='bbox 782 1089 867 1114; x_wconf 85' lang='lat' dir='ltr'>cum</span> <span class='ocrx_word' id='word_1_111' title='bbox 901 1078 1043 1116; x_wconf 82' lang='lat' dir='ltr'>habeat</span> <span class='ocrx_word' id='word_1_112' title='bbox 1081 1079 1192 1116; x_wconf 86' lang='lat' dir='ltr'>haec:</span> <span class='ocrx_word' id='word_1_113' title='bbox 1235 1076 1516 1132; x_wconf 75' lang='grc' dir='ltr'><em>Δημοσθένης</em></span> <span class='ocrx_word' id='word_1_114' title='bbox 1552 1080 1756 1119; x_wconf 79' lang='grc' dir='ltr'><em>Φιλιππι-</em></span> 
     </span>
     <span class='ocr_line' id='line_1_15' title="bbox 281 1130 1755 1196; baseline 0.007 -20"><span class='ocrx_word' id='word_1_115' title='bbox 281 1144 375 1185; x_wconf 82' lang='grc' dir='ltr'><em>κοῖς</em></span> <span class='ocrx_word' id='word_1_116' title='bbox 407 1137 478 1177; x_wconf 83' lang='grc' dir='ltr'>καὶ</span> <span class='ocrx_word' id='word_1_117' title='bbox 507 1130 827 1194; x_wconf 75' lang='grc' dir='ltr'>Ἀριστοφάιης.</span> <span class='ocrx_word' id='word_1_118' title='bbox 870 1138 1164 1196; x_wconf 70' lang='grc' dir='ltr'><em>συνεστήσατο</em></span> <span class='ocrx_word' id='word_1_119' title='bbox 1188 1142 1233 1184; x_wconf 75' lang='lat' dir='ltr'>de</span> <span class='ocrx_word' id='word_1_120' title='bbox 1259 1137 1371 1184; x_wconf 64' lang='lat' dir='ltr'>cuive</span> <span class='ocrx_word' id='word_1_121' title='bbox 1400 1141 1542 1194; x_wconf 84' lang='grc' dir='ltr'><em>(56.τὸ</em></span> <span class='ocrx_word' id='word_1_122' title='bbox 1563 1142 1755 1196; x_wconf 75' lang='grc' dir='ltr'><em>ξενικόν)</em></span> 
     </span>
     <span class='ocr_line' id='line_1_16' title="bbox 279 1204 1756 1267; baseline 0.006 -23"><span class='ocrx_word' id='word_1_123' title='bbox 279 1205 454 1258; x_wconf 72' lang='grc' dir='ltr'><em>πρῶτος</em></span> <span class='ocrx_word' id='word_1_124' title='bbox 493 1207 581 1257; x_wconf 89' lang='lat' dir='ltr'>(pro</span> <span class='ocrx_word' id='word_1_125' title='bbox 612 1207 810 1258; x_wconf 73' lang='grc' dir='ltr'>πρῶτοι)</span> <span class='ocrx_word' id='word_1_126' title='bbox 847 1205 1020 1259; x_wconf 69' lang='grc' dir='ltr'><em>Κόνων,</em></span> <span class='ocrx_word' id='word_1_127' title='bbox 1059 1209 1278 1263; x_wconf 73' lang='grc' dir='ltr'><em>παρέλαβε</em></span> <span class='ocrx_word' id='word_1_128' title='bbox 1316 1204 1353 1251; x_wconf 76' lang='lat' dir='ltr'>d&#39;</span> <span class='ocrx_word' id='word_1_129' title='bbox 1373 1204 1483 1252; x_wconf 80' lang='grc' dir='ltr'><em>αυτὸ</em></span> <span class='ocrx_word' id='word_1_130' title='bbox 1515 1204 1756 1267; x_wconf 79' lang='grc' dir='ltr'><em>Ιφικράτης</em></span> 
     </span>
     <span class='ocr_line' id='line_1_17' title="bbox 285 1267 1755 1332; baseline 0.006 -21"><span class='ocrx_word' id='word_1_131' title='bbox 285 1267 467 1325; x_wconf 60' lang='lat' dir='ltr'>i&#39;onpov</span> <span class='ocrx_word' id='word_1_132' title='bbox 497 1273 570 1312; x_wconf 82' lang='grc' dir='ltr'>καὶ</span> <span class='ocrx_word' id='word_1_133' title='bbox 602 1275 807 1327; x_wconf 73' lang='grc' dir='ltr'><em>Χαβρίας.</em></span> <span class='ocrx_word' id='word_1_134' title='bbox 851 1291 886 1315; x_wconf 84' lang='grc' dir='ltr'><em>ω</em></span> <span class='ocrx_word' id='word_1_135' title='bbox 913 1273 1130 1330; x_wconf 62' lang='grc' dir='ltr'><em>χρησάμω</em></span> <span class='ocrx_word' id='word_1_136' title='bbox 1135 1291 1176 1317; x_wconf 88' lang='grc' dir='ltr'>οι</span> <span class='ocrx_word' id='word_1_137' title='bbox 1197 1274 1279 1330; x_wconf 72' lang='grc' dir='ltr'>τὴν</span> <span class='ocrx_word' id='word_1_138' title='bbox 1301 1279 1655 1332; x_wconf 70' lang='grc' dir='ltr'><em>Λακεδαιμονίαν</em></span> <span class='ocrx_word' id='word_1_139' title='bbox 1683 1277 1755 1332; x_wconf 87' lang='grc' dir='ltr'>μό-</span> 
     </span>
     <span class='ocr_line' id='line_1_18' title="bbox 281 1338 1754 1398; baseline 0.007 -21"><span class='ocrx_word' id='word_1_140' title='bbox 281 1353 363 1391; x_wconf 74' lang='grc' dir='ltr'>ραν</span> <span class='ocrx_word' id='word_1_141' title='bbox 388 1339 646 1389; x_wconf 75' lang='grc' dir='ltr'><em>κατέκοψα1</em></span> <span class='ocrx_word' id='word_1_142' title='bbox 669 1353 860 1396; x_wconf 67' lang='grc' dir='ltr'><em>στρατη)</em></span> <span class='ocrx_word' id='word_1_143' title='bbox 864 1357 916 1382; x_wconf 67' lang='lat' dir='ltr'>oz</span> <span class='ocrx_word' id='word_1_144' title='bbox 922 1357 1025 1392; x_wconf 83' lang='grc' dir='ltr'><em>1τος</em></span> <span class='ocrx_word' id='word_1_145' title='bbox 1052 1358 1105 1384; x_wconf 78' lang='grc' dir='ltr'>αι</span> <span class='ocrx_word' id='word_1_146' title='bbox 1109 1352 1200 1393; x_wconf 80' lang='grc' dir='ltr'><em>τοῖς</em></span> <span class='ocrx_word' id='word_1_147' title='bbox 1217 1338 1485 1398; x_wconf 75' lang='grc' dir='ltr'><em>Ἰφικράτους</em></span> <span class='ocrx_word' id='word_1_148' title='bbox 1506 1346 1579 1386; x_wconf 84' lang='grc' dir='ltr'>καὶ</span> <span class='ocrx_word' id='word_1_149' title='bbox 1594 1348 1754 1387; x_wconf 76' lang='grc' dir='ltr'><em>Καλλι-</em></span> 
     </span>
     <span class='ocr_line' id='line_1_19' title="bbox 279 1402 1756 1466; baseline 0.007 -21"><span class='ocrx_word' id='word_1_150' title='bbox 279 1406 445 1456; x_wconf 72' lang='grc' dir='ltr'><em>κλέους,</em></span> <span class='ocrx_word' id='word_1_151' title='bbox 476 1402 597 1447; x_wconf 71' lang='grc' dir='ltr'><em>καθα</em></span> <span class='ocrx_word' id='word_1_152' title='bbox 629 1420 761 1462; x_wconf 67' lang='grc' dir='ltr'><em>φησιν</em></span> <span class='ocrx_word' id='word_1_153' title='bbox 794 1402 1058 1463; x_wconf 62' lang='grc' dir='ltr'><em>Ἀνδροτίων</em></span> <span class='ocrx_word' id='word_1_154' title='bbox 1088 1411 1158 1451; x_wconf 81' lang='grc' dir='ltr'>καὶ</span> <span class='ocrx_word' id='word_1_155' title='bbox 1197 1409 1438 1466; x_wconf 77' lang='grc' dir='ltr'><em>Φιλόχορος</em></span> <span class='ocrx_word' id='word_1_156' title='bbox 1469 1412 1516 1454; x_wconf 71' lang='grc' dir='ltr'>ἐν</span> <span class='ocrx_word' id='word_1_157' title='bbox 1548 1410 1756 1466; x_wconf 70' lang='grc' dir='ltr'>ἑνδεκάτῃ</span> 
     </span>
     <span class='ocr_line' id='line_1_20' title="bbox 279 1478 1753 1534; baseline 0.006 -20"><span class='ocrx_word' id='word_1_158' title='bbox 279 1478 341 1524; x_wconf 85' lang='lat' dir='ltr'>(cf.</span> <span class='ocrx_word' id='word_1_159' title='bbox 372 1479 584 1517; x_wconf 88' lang='lat' dir='ltr'>Muellerus</span> <span class='ocrx_word' id='word_1_160' title='bbox 615 1480 643 1528; x_wconf 94' lang='grc' dir='ltr'>Ι,</span> <span class='ocrx_word' id='word_1_161' title='bbox 670 1483 767 1519; x_wconf 79' lang='lat'>409:</span> <span class='ocrx_word' id='word_1_162' title='bbox 809 1481 880 1530; x_wconf 83' lang='lat' dir='ltr'>frg.</span> <span class='ocrx_word' id='word_1_163' title='bbox 911 1480 1017 1528; x_wconf 84' lang='lat'>150).</span> <span class='ocrx_word' id='word_1_164' title='bbox 1077 1483 1189 1521; x_wconf 86' lang='lat' dir='ltr'>Unde</span> <span class='ocrx_word' id='word_1_165' title='bbox 1231 1488 1385 1522; x_wconf 84' lang='lat' dir='ltr'>constat</span> <span class='ocrx_word' id='word_1_166' title='bbox 1423 1484 1635 1534; x_wconf 83' lang='lat' dir='ltr'>Didymum</span> <span class='ocrx_word' id='word_1_167' title='bbox 1676 1498 1753 1524; x_wconf 91' lang='lat' dir='ltr'>non</span> 
     </span>
     <span class='ocr_line' id='line_1_21' title="bbox 279 1546 1754 1603; baseline 0.006 -21"><span class='ocrx_word' id='word_1_168' title='bbox 279 1546 401 1583; x_wconf 87' lang='lat' dir='ltr'>solum</span> <span class='ocrx_word' id='word_1_169' title='bbox 435 1559 589 1595; x_wconf 85' lang='lat' dir='ltr'>operam</span> <span class='ocrx_word' id='word_1_170' title='bbox 625 1548 830 1586; x_wconf 79' lang='lat' dir='ltr'>navavisse</span> <span class='ocrx_word' id='word_1_171' title='bbox 862 1549 952 1586; x_wconf 88' lang='grc'><em>111116</em></span> <span class='ocrx_word' id='word_1_172' title='bbox 984 1551 1050 1596; x_wconf 91' lang='grc'><em>161,</em></span> <span class='ocrx_word' id='word_1_173' title='bbox 1083 1551 1150 1588; x_wconf 85' lang='lat' dir='ltr'>sed</span> <span class='ocrx_word' id='word_1_174' title='bbox 1173 1551 1306 1589; x_wconf 86' lang='lat' dir='ltr'>eadem</span> <span class='ocrx_word' id='word_1_175' title='bbox 1329 1551 1410 1590; x_wconf 86' lang='lat' dir='ltr'>fere</span> <span class='ocrx_word' id='word_1_176' title='bbox 1433 1552 1511 1590; x_wconf 91' lang='lat' dir='ltr'>illic</span> <span class='ocrx_word' id='word_1_177' title='bbox 1531 1553 1754 1603; x_wconf 90' lang='lat' dir='ltr'>protulisse,</span> 
     </span>
     <span class='ocr_line' id='line_1_22' title="bbox 279 1614 1752 1668; baseline 0.006 -19"><span class='ocrx_word' id='word_1_178' title='bbox 279 1625 378 1662; x_wconf 84' lang='lat' dir='ltr'>quae</span> <span class='ocrx_word' id='word_1_179' title='bbox 410 1614 446 1650; x_wconf 94' lang='lat' dir='ltr'>in</span> <span class='ocrx_word' id='word_1_180' title='bbox 470 1614 616 1653; x_wconf 85' lang='lat' dir='ltr'>scholio</span> <span class='ocrx_word' id='word_1_181' title='bbox 638 1615 926 1664; x_wconf 84' lang='lat' dir='ltr'>Aristophaneo</span> <span class='ocrx_word' id='word_1_182' title='bbox 950 1617 1146 1666; x_wconf 81' lang='lat' dir='ltr'>leguntur,</span> <span class='ocrx_word' id='word_1_183' title='bbox 1178 1621 1219 1656; x_wconf 89' lang='lat' dir='ltr'>ut</span> <span class='ocrx_word' id='word_1_184' title='bbox 1247 1631 1482 1668; x_wconf 81' lang='lat' dir='ltr'>quamquam</span> <span class='ocrx_word' id='word_1_185' title='bbox 1505 1633 1582 1658; x_wconf 89' lang='lat' dir='ltr'>non</span> <span class='ocrx_word' id='word_1_186' title='bbox 1605 1624 1752 1658; x_wconf 88' lang='lat' dir='ltr'>certum</span> 
     </span>
     <span class='ocr_line' id='line_1_23' title="bbox 279 1683 1753 1735; baseline 0.006 -18"><span class='ocrx_word' id='word_1_187' title='bbox 279 1684 347 1726; x_wconf 78' lang='lat' dir='ltr'>est,</span> <span class='ocrx_word' id='word_1_188' title='bbox 380 1693 464 1718; x_wconf 88' lang='lat' dir='ltr'>cum</span> <span class='ocrx_word' id='word_1_189' title='bbox 487 1684 544 1719; x_wconf 89' lang='lat' dir='ltr'>tot</span> <span class='ocrx_word' id='word_1_190' title='bbox 565 1683 713 1720; x_wconf 78' lang='lat' dir='ltr'>scholia</span> <span class='ocrx_word' id='word_1_191' title='bbox 735 1684 784 1720; x_wconf 85' lang='lat' dir='ltr'>ad</span> <span class='ocrx_word' id='word_1_192' title='bbox 807 1684 1015 1733; x_wconf 85' lang='lat' dir='ltr'>Didymum</span> <span class='ocrx_word' id='word_1_193' title='bbox 1047 1685 1183 1723; x_wconf 86' lang='lat' dir='ltr'>referri</span> <span class='ocrx_word' id='word_1_194' title='bbox 1207 1687 1353 1735; x_wconf 84' lang='lat' dir='ltr'>videas,</span> <span class='ocrx_word' id='word_1_195' title='bbox 1384 1700 1460 1725; x_wconf 83' lang='lat' dir='ltr'>non</span> <span class='ocrx_word' id='word_1_196' title='bbox 1489 1687 1601 1725; x_wconf 88' lang='lat' dir='ltr'>nimis</span> <span class='ocrx_word' id='word_1_197' title='bbox 1624 1689 1753 1727; x_wconf 80' lang='lat' dir='ltr'>audax</span> 
     </span>
     <span class='ocr_line' id='line_1_24' title="bbox 278 1749 1753 1804; baseline 0.006 -20"><span class='ocrx_word' id='word_1_198' title='bbox 278 1751 409 1795; x_wconf 86' lang='lat' dir='ltr'>putem</span> <span class='ocrx_word' id='word_1_199' title='bbox 443 1760 527 1786; x_wconf 90' lang='lat' dir='ltr'>esse</span> <span class='ocrx_word' id='word_1_200' title='bbox 565 1749 637 1787; x_wconf 92' lang='lat' dir='ltr'>hoc</span> <span class='ocrx_word' id='word_1_201' title='bbox 675 1762 832 1799; x_wconf 85' lang='lat' dir='ltr'>quoque</span> <span class='ocrx_word' id='word_1_202' title='bbox 870 1751 993 1789; x_wconf 88' lang='lat' dir='ltr'>eidem</span> <span class='ocrx_word' id='word_1_203' title='bbox 1031 1753 1215 1791; x_wconf 83' lang='lat' dir='ltr'>tribuere.</span> <span class='ocrx_word' id='word_1_204' title='bbox 1275 1753 1389 1792; x_wconf 88' lang='lat' dir='ltr'>Unde</span> <span class='ocrx_word' id='word_1_205' title='bbox 1426 1755 1539 1792; x_wconf 88' lang='lat' dir='ltr'>simul</span> <span class='ocrx_word' id='word_1_206' title='bbox 1575 1757 1753 1804; x_wconf 87' lang='lat' dir='ltr'>sequitur</span> 
     </span>
     <span class='ocr_line' id='line_1_25' title="bbox 280 1816 1751 1869; baseline 0.007 -18"><span class='ocrx_word' id='word_1_207' title='bbox 280 1816 516 1863; x_wconf 85' lang='lat' dir='ltr'>historicum,</span> <span class='ocrx_word' id='word_1_208' title='bbox 549 1817 615 1865; x_wconf 90' lang='lat' dir='ltr'>qui</span> <span class='ocrx_word' id='word_1_209' title='bbox 644 1819 845 1856; x_wconf 85' lang='lat' dir='ltr'>consultus</span> <span class='ocrx_word' id='word_1_210' title='bbox 867 1820 926 1866; x_wconf 83' lang='lat' dir='ltr'>sit,</span> <span class='ocrx_word' id='word_1_211' title='bbox 958 1820 1233 1858; x_wconf 88' lang='lat' dir='ltr'>Philochorum</span> <span class='ocrx_word' id='word_1_212' title='bbox 1259 1833 1344 1859; x_wconf 88' lang='lat' dir='ltr'>esse</span> <span class='ocrx_word' id='word_1_213' title='bbox 1371 1824 1439 1859; x_wconf 84' lang='lat' dir='ltr'>aut</span> <span class='ocrx_word' id='word_1_214' title='bbox 1459 1821 1751 1869; x_wconf 81' lang='lat' dir='ltr'>Androtionem,</span> 
     </span>
     <span class='ocr_line' id='line_1_26' title="bbox 279 1885 1751 1938; baseline 0.005 -18"><span class='ocrx_word' id='word_1_215' title='bbox 279 1896 443 1932; x_wconf 82' lang='lat' dir='ltr'>quorum</span> <span class='ocrx_word' id='word_1_216' title='bbox 476 1897 561 1921; x_wconf 85' lang='lat' dir='ltr'>cum</span> <span class='ocrx_word' id='word_1_217' title='bbox 594 1885 701 1922; x_wconf 88' lang='lat' dir='ltr'>illum</span> <span class='ocrx_word' id='word_1_218' title='bbox 734 1890 810 1923; x_wconf 81' lang='lat' dir='ltr'>tam</span> <span class='ocrx_word' id='word_1_219' title='bbox 843 1898 958 1935; x_wconf 75' lang='lat' dir='ltr'>saepe</span> <span class='ocrx_word' id='word_1_220' title='bbox 981 1887 1184 1925; x_wconf 83' lang='lat' dir='ltr'>videamus</span> <span class='ocrx_word' id='word_1_221' title='bbox 1216 1888 1442 1938; x_wconf 83' lang='lat' dir='ltr'>adhibitum,</span> <span class='ocrx_word' id='word_1_222' title='bbox 1473 1890 1507 1927; x_wconf 90' lang='lat' dir='ltr'>ei</span> <span class='ocrx_word' id='word_1_223' title='bbox 1539 1890 1612 1927; x_wconf 91' lang='lat' dir='ltr'>hoc</span> <span class='ocrx_word' id='word_1_224' title='bbox 1642 1891 1751 1928; x_wconf 87' lang='lat' dir='ltr'>scho-</span> 
     </span>
     <span class='ocr_line' id='line_1_27' title="bbox 279 1951 1541 2005; baseline 0.007 -18"><span class='ocrx_word' id='word_1_225' title='bbox 279 1951 367 1987; x_wconf 87' lang='lat' dir='ltr'>lium</span> <span class='ocrx_word' id='word_1_226' title='bbox 400 1952 626 1990; x_wconf 83' lang='lat' dir='ltr'>tribuemus.</span> <span class='ocrx_word' id='word_1_227' title='bbox 685 1954 744 1991; x_wconf 88' lang='lat' dir='ltr'>De</span> <span class='ocrx_word' id='word_1_228' title='bbox 777 1966 818 1991; x_wconf 93' lang='lat' dir='ltr'>re</span> <span class='ocrx_word' id='word_1_229' title='bbox 849 1954 897 1992; x_wconf 84' lang='lat' dir='ltr'>cf.</span> <span class='ocrx_word' id='word_1_230' title='bbox 928 1954 1098 2003; x_wconf 81' lang='lat' dir='ltr'>Curtius,</span> <span class='ocrx_word' id='word_1_231' title='bbox 1129 1955 1151 1993; x_wconf 94' lang='lat' dir='ltr'>l.</span> <span class='ocrx_word' id='word_1_232' title='bbox 1172 1969 1205 1994; x_wconf 86' lang='lat' dir='ltr'>a.</span> <span class='ocrx_word' id='word_1_233' title='bbox 1232 1956 1308 1993; x_wconf 75' lang='lat' dir='ltr'>III-‘¹</span> <span class='ocrx_word' id='word_1_234' title='bbox 1339 1969 1375 2005; x_wconf 90' lang='lat' dir='ltr'>p.</span> <span class='ocrx_word' id='word_1_235' title='bbox 1400 1957 1541 2001; x_wconf 70' lang='lat'>188.⁵7)</span> 
     </span>
    </p>
   </div>
   <div class='ocr_carea' id='block_1_3' title="bbox 883 2260 1148 2312">
    <p class='ocr_par' dir='ltr' id='par_1_3' title="bbox 883 2260 1148 2312">
     <span class='ocr_line' id='line_1_28' title="bbox 883 2260 1148 2312; baseline 0 -9"><span class='ocrx_word' id='word_1_236' title='bbox 883 2260 1006 2312; x_wconf 81' lang='lat' dir='ltr'>Cap.</span> <span class='ocrx_word' id='word_1_237' title='bbox 1033 2261 1148 2304; x_wconf 90' lang='lat' dir='ltr'><strong>VII.</strong></span> 
     </span>
    </p>
   </div>
   <div class='ocr_carea' id='block_1_4' title="bbox 278 2352 1750 2538">
    <p class='ocr_par' dir='ltr' id='par_1_4' title="bbox 278 2352 1750 2538">
     <span class='ocr_line' id='line_1_29' title="bbox 391 2352 1750 2412; baseline 0.005 -18"><span class='ocrx_word' id='word_1_238' title='bbox 391 2357 452 2394; x_wconf 87' lang='lat' dir='ltr'>Ad</span> <span class='ocrx_word' id='word_1_239' title='bbox 476 2358 657 2396; x_wconf 80' lang='lat' dir='ltr'>Crateri</span> <span class='ocrx_word' id='word_1_240' title='bbox 680 2352 973 2409; x_wconf 63' lang='grc' dir='ltr'><em>ψηφισμάτων</em></span> <span class='ocrx_word' id='word_1_241' title='bbox 995 2353 1292 2412; x_wconf 68' lang='grc' dir='ltr'>συναγωγήυῙ)</span> <span class='ocrx_word' id='word_1_242' title='bbox 1314 2362 1512 2410; x_wconf 82' lang='lat' dir='ltr'>pertinent</span> <span class='ocrx_word' id='word_1_243' title='bbox 1532 2362 1750 2411; x_wconf 78' lang='lat' dir='ltr'>fragmenta</span> 
     </span>
     <span class='ocr_line' id='line_1_30' title="bbox 278 2423 1748 2476; baseline 0.005 -16"><span class='ocrx_word' id='word_1_244' title='bbox 278 2423 386 2471; x_wconf 79' lang='lat' dir='ltr'>haec,</span> <span class='ocrx_word' id='word_1_245' title='bbox 428 2424 474 2462; x_wconf 89' lang='lat' dir='ltr'>de</span> <span class='ocrx_word' id='word_1_246' title='bbox 512 2425 653 2474; x_wconf 86' lang='lat' dir='ltr'>quibus</span> <span class='ocrx_word' id='word_1_247' title='bbox 693 2426 856 2475; x_wconf 83' lang='lat' dir='ltr'>singulis</span> <span class='ocrx_word' id='word_1_248' title='bbox 893 2426 1107 2476; x_wconf 83' lang='lat' dir='ltr'>disputare,</span> <span class='ocrx_word' id='word_1_249' title='bbox 1147 2439 1233 2465; x_wconf 88' lang='lat' dir='ltr'>cum</span> <span class='ocrx_word' id='word_1_250' title='bbox 1275 2428 1349 2465; x_wconf 85' lang='lat' dir='ltr'>iam</span> <span class='ocrx_word' id='word_1_251' title='bbox 1391 2429 1439 2466; x_wconf 82' lang='lat' dir='ltr'>ab</span> <span class='ocrx_word' id='word_1_252' title='bbox 1478 2429 1562 2466; x_wconf 85' lang='lat' dir='ltr'>aliis</span> <span class='ocrx_word' id='word_1_253' title='bbox 1601 2429 1748 2468; x_wconf 84' lang='lat' dir='ltr'>factum</span> 
     </span>
     <span class='ocr_line' id='line_1_31' title="bbox 278 2491 558 2538; baseline 0.011 -11"><span class='ocrx_word' id='word_1_254' title='bbox 278 2491 337 2538; x_wconf 80' lang='lat' dir='ltr'>sit,</span> <span class='ocrx_word' id='word_1_255' title='bbox 368 2491 558 2530; x_wconf 82' lang='lat' dir='ltr'>omittam:</span> 
     </span>
    </p>
   </div>
   <div class='ocr_carea' id='block_1_5' title="bbox 277 2599 1748 2813">
    <p class='ocr_par' dir='ltr' id='par_1_5' title="bbox 277 2599 1748 2745">
     <span class='ocr_line' id='line_1_32' title="bbox 389 2599 1748 2647; baseline 0.004 -15"><span class='ocrx_word' id='word_1_256' title='bbox 389 2601 435 2641; x_wconf 66' lang='lat'>⁵⁶)</span> <span class='ocrx_word' id='word_1_257' title='bbox 474 2600 552 2633; x_wconf 67' lang='lat' dir='ltr'>Non</span> <span class='ocrx_word' id='word_1_258' title='bbox 586 2604 682 2634; x_wconf 83' lang='lat' dir='ltr'>recte</span> <span class='ocrx_word' id='word_1_259' title='bbox 714 2600 825 2644; x_wconf 83' lang='lat' dir='ltr'>igitur</span> <span class='ocrx_word' id='word_1_260' title='bbox 858 2599 947 2634; x_wconf 81' lang='lat' dir='ltr'>fecit</span> <span class='ocrx_word' id='word_1_261' title='bbox 979 2599 1247 2643; x_wconf 83' lang='lat' dir='ltr'>Rehdantzius‚</span> <span class='ocrx_word' id='word_1_262' title='bbox 1282 2602 1302 2635; x_wconf 89' lang='grc'>1.</span> <span class='ocrx_word' id='word_1_263' title='bbox 1328 2611 1357 2636; x_wconf 82' lang='lat' dir='ltr'>a.</span> <span class='ocrx_word' id='word_1_264' title='bbox 1388 2612 1423 2645; x_wconf 93' lang='lat' dir='ltr'>p.</span> <span class='ocrx_word' id='word_1_265' title='bbox 1450 2605 1499 2646; x_wconf 90' lang='grc'>16,</span> <span class='ocrx_word' id='word_1_266' title='bbox 1523 2603 1633 2647; x_wconf 37' lang='lat' dir='ltr'>‘quod</span> <span class='ocrx_word' id='word_1_267' title='bbox 1666 2603 1748 2637; x_wconf 88' lang='lat' dir='ltr'>huic</span> 
     </span>
     <span class='ocr_line' id='line_1_33' title="bbox 281 2653 1748 2702; baseline 0.003 -14"><span class='ocrx_word' id='word_1_268' title='bbox 281 2653 417 2688; x_wconf 86' lang='lat' dir='ltr'>scholio</span> <span class='ocrx_word' id='word_1_269' title='bbox 444 2655 521 2689; x_wconf 88' lang='lat' dir='ltr'>sive</span> <span class='ocrx_word' id='word_1_270' title='bbox 540 2656 665 2698; x_wconf 88' lang='lat' dir='ltr'>potius</span> <span class='ocrx_word' id='word_1_271' title='bbox 683 2656 785 2690; x_wconf 82' lang='lat' dir='ltr'>alteri</span> <span class='ocrx_word' id='word_1_272' title='bbox 803 2657 898 2699; x_wconf 83' lang='lat' dir='ltr'>parti</span> <span class='ocrx_word' id='word_1_273' title='bbox 924 2656 1049 2690; x_wconf 86' lang='lat' dir='ltr'>scholii</span> <span class='ocrx_word' id='word_1_274' title='bbox 1071 2656 1118 2690; x_wconf 89' lang='lat' dir='ltr'>VI</span> <span class='ocrx_word' id='word_1_275' title='bbox 1143 2655 1202 2699; x_wconf 85' lang='lat' dir='ltr'>(ef.</span> <span class='ocrx_word' id='word_1_276' title='bbox 1227 2666 1305 2691; x_wconf 83' lang='lat' dir='ltr'>mea</span> <span class='ocrx_word' id='word_1_277' title='bbox 1330 2658 1412 2692; x_wconf 80' lang='lat' dir='ltr'>adn.</span> <span class='ocrx_word' id='word_1_278' title='bbox 1431 2660 1488 2701; x_wconf 75' lang='lat'>54)</span> <span class='ocrx_word' id='word_1_279' title='bbox 1514 2658 1619 2702; x_wconf 85' lang='lat' dir='ltr'>fidem</span> <span class='ocrx_word' id='word_1_280' title='bbox 1638 2658 1748 2693; x_wconf 85' lang='lat' dir='ltr'>histo-</span> 
     </span>
     <span class='ocr_line' id='line_1_34' title="bbox 277 2710 547 2745; baseline 0.007 -2"><span class='ocrx_word' id='word_1_281' title='bbox 277 2710 383 2744; x_wconf 82' lang='lat' dir='ltr'>ricam</span> <span class='ocrx_word' id='word_1_282' title='bbox 410 2711 547 2745; x_wconf 85' lang='lat' dir='ltr'>tribuit.</span> 
     </span>
    </p>

    <p class='ocr_par' dir='ltr' id='par_1_6' title="bbox 390 2768 1490 2813">
     <span class='ocr_line' id='line_1_35' title="bbox 390 2768 1490 2813; baseline 0.004 -13"><span class='ocrx_word' id='word_1_283' title='bbox 390 2770 433 2809; x_wconf 74' lang='grc'>57)</span> <span class='ocrx_word' id='word_1_284' title='bbox 468 2768 566 2801; x_wconf 83' lang='lat' dir='ltr'>Idem</span> <span class='ocrx_word' id='word_1_285' title='bbox 593 2768 803 2804; x_wconf 79' lang='lat' dir='ltr'>dubitanter</span> <span class='ocrx_word' id='word_1_286' title='bbox 828 2769 1017 2813; x_wconf 81' lang='lat' dir='ltr'>proposuit</span> <span class='ocrx_word' id='word_1_287' title='bbox 1042 2769 1265 2812; x_wconf 84' lang='lat' dir='ltr'>Ludwigius‚</span> <span class='ocrx_word' id='word_1_288' title='bbox 1291 2769 1313 2803; x_wconf 91' lang='lat'>1.</span> <span class='ocrx_word' id='word_1_289' title='bbox 1330 2779 1359 2804; x_wconf 82' lang='lat' dir='ltr'>a.</span> <span class='ocrx_word' id='word_1_290' title='bbox 1385 2779 1420 2813; x_wconf 88' lang='lat' dir='ltr'>p.</span> <span class='ocrx_word' id='word_1_291' title='bbox 1438 2773 1490 2805; x_wconf 78' lang='lat' dir='ltr'>Sl.</span> 
     </span>
    </p>
   </div>
   <div class='ocr_carea' id='block_1_6' title="bbox 1825 24 1830 726">
    <p class='ocr_par' dir='ltr' id='par_1_7' title="bbox 1825 24 1830 726">
     <span class='ocr_line' id='line_1_36' title="bbox 1825 24 1830 726; baseline 0 0"><span class='ocrx_word' id='word_1_292' title='bbox 1825 24 1830 726; x_wconf 95' lang='lat' dir='ltr'> </span> 
     </span>
    </p>
   </div>
  </div>
 </body>
</html>
