1815 3231
1443 213 1523 250 283

33 336 86 352 =
109 307 262 368 οὗτος)
294 319 372 371 τῆς
394 320 656 374 Λακωνικῆς
682 316 832 369 στενός
864 323 1000 371 (schol.
1024 325 1055 362 R
1082 327 1118 362 ot
1139 325 1287 362 initium
1311 325 1431 363 schol.
1454 325 1524 371 H)-

34 400 111 434 ους
161 388 258 436 (scil.
294 401 400 435 τοις
441 384 795 441 καταφυγόντας)
842 386 1114 443 καταστήσας
1159 388 1217 437 εἰς
1257 390 1525 444 πολιορκίαν

34 445 168 499 αὐτὸς
201 446 225 493 ὁ
256 454 538 509 Λημοσθένης
570 455 781 508 στρατίαν
811 455 1122 509 μετεπεμψατο
1160 450 1247 497 ἀπὸ
1279 459 1371 498 τῶν
1402 452 1523 512 Αθη-

36 519 178 561 ναίων
209 523 286 571 (R).
336 537 359 561 ο
392 524 474 563 οὑν
505 522 663 597 {sagon
699 520 833 576 γιούς
872 517 939 564 ότι
980 516 1071 565 υπὸ
1109 526 1184 579 τῆς
1220 518 1411 580 ιῖνιίγκης
1452 526 1526 566 καὶ

38 588 167 642 λιμοῦ
199 588 272 629 καὶ
304 588 435 644 ὁίψης
467 582 546 643 οὐχ
578 585 665 631 οἷοί
696 606 742 632 τε
775 588 948 633 ἕσοιται
979 592 1179 634 πλείοσιν
1203 586 1399 647 ιῖντέχειν
1427 587 1526 647 ημέ-

38 670 133 710 ραις
163 653 408 709 παρελθών
438 655 499 706 εἰς
524 654 605 698 τὸν
636 658 775 712 (δῆμον
807 657 842 699 εἰ
865 657 992 710 λάβοι
1015 657 1202 714 δύναμιν
1232 654 1287 715 ἣν
1319 664 1383 712 (ἰ)
1416 661 1527 703 αἰτεῖ

39 722 334 779 Δημοσθένης,
376 723 666 779 ἐπηγγείλατο
705 720 830 775 ἐντὸς
862 726 1027 769 εἴκοσιν
1057 721 1233 783 ἡμερῶν
1272 723 1390 782 ἄξειν
1422 728 1525 779 τοὺς

38 791 448 845 πολιορκουμένους
490 791 539 846 (R
570 800 608 834 et
639 797 761 835 schol.
790 796 840 843 ll)
886 790 995 835 ὥστε
1039 796 1206 848 γέλωτα
1243 794 1390 838 πολὺν
1431 792 1526 838 κατ’

37 851 178 899 αὐτοῦ
219 859 425 912 γενέσθαι
465 863 647 911 (schol.I
686 868 725 903 et
755 863 908 911 Time).
965 860 1209 913 ἐκπλεύσας
1250 855 1332 905 οὖν
1372 862 1526 916 ἔλαβεν

39 918 200 975 αὐτοὺς
221 929 286 977 (R)
308 927 588 977 τριακοσίους
609 922 740 977 ὄντας
769 932 905 978 (schol.
928 932 974 984 1),
1000 931 1071 971 καὶ
1096 928 1246 984 ἔδοξεν
1267 934 1525 987 κατορθοῦν

37 993 176 1034 πλέον
197 995 511 1048 Δημοσ9έιόυς
541 988 806 1050 ὑφαρπάσας
837 994 887 1038 τὸ
910 998 1037 1048 τέλος
1059 1001 1152 1040 τῶν
1175 999 1346 1042 ἐκείνου
1368 998 1524 1042 πόνων

38 1064 87 1112 (R
119 1069 157 1104 et
186 1067 308 1105 schol.
331 1068 366 1105 II
388 1066 480 1114 fin).
539 1068 691 1116 Quibus
714 1069 842 1107 verbis
873 1082 893 1107 e
915 1073 1049 1109 vetere
1072 1075 1350 1112 commentario
1374 1074 1526 1112 haustis

38 1134 270 1172 scholiastes
292 1135 451 1184 quidam
473 1137 673 1175 recentior
704 1135 753 1175 de
774 1138 854 1175 suis
884 1137 1035 1176 addidit
1057 1152 1112 1185 ea,
1144 1153 1245 1189 quae
1278 1141 1326 1180 de
1348 1141 1526 1180 Leonida

39 1203 219 1251 exposita
251 1206 343 1241 sunt
373 1204 397 1241 l.
420 1206 473 1244 30
487 1202 606 1254 sqqss)
667 1205 747 1243 Iam
780 1208 862 1243 tota
882 1207 1053 1245 narratio
1086 1208 1228 1246 hausta
1260 1213 1318 1248 est
1349 1223 1369 1248 e
1399 1210 1525 1249 Thuc.

38 1269 104 1315 IV,
128 1272 276 1319 2——38‚
306 1271 367 1308 cui
399 1272 551 1310 auctori
582 1271 645 1310 hic
673 1285 853 1322 magnam
877 1286 1034 1323 operam
1058 1277 1217 1314 navavit
1238 1278 1526 1328 grammaticus,

38 1349 277 1388 quamquam
310 1339 373 1377 hic
394 1340 474 1378 illic
503 1340 761 1390 neglegenter
784 1354 871 1379 eum
893 1342 1065 1380 reddidit
1087 1347 1154 1382 aut
1175 1357 1298 1394 prave
1319 1345 1525 1396 intellexit,

37 1408 81 1443 ut
112 1418 196 1455 cap.
226 1408 262 1455 2,
290 1409 315 1444 4
347 1407 653 1446 Demosthenem
684 1420 763 1446 non
795 1409 868 1446 iam
899 1409 1037 1448 ducem
1069 1411 1138 1449 sed
1171 1412 1363 1451 hominem
1396 1413 1524 1463 priva-

38 1475 118 1511 tum
150 1474 315 1523 legimus
346 1475 495 1514 iussum
528 1488 614 1514 esse
643 1474 837 1528 χρῆσθαι
867 1482 962 1523 ταῖς
994 1475 1119 1516 ναυσὶ
1152 1476 1254 1530 περὶ
1285 1471 1365 1518 τὸν
1387 1480 1524 1519 Πελο-

37 1533 277 1593 πόννησον,
308 1543 377 1581 sed
409 1544 589 1593 neglecto
613 1546 741 1595 capite
770 1546 805 1584 II
835 1558 856 1584 e
884 1547 939 1584 111
971 1559 1081 1586 error
1113 1548 1225 1586 facile
1248 1550 1355 1588 nasci
1387 1551 1524 1599 potuit,

38 1610 150 1658 quasi
191 1611 480 1650 Demosthenes
521 1614 658 1651 tertius
701 1613 781 1651 dux
824 1614 991 1653 Siciliam
1035 1615 1175 1654 missus
1218 1620 1334 1667 esset,
1380 1618 1524 1657 deinde

39 1689 124 1727 cap.
151 1681 204 1750 5’„
215 1681 237 1717 2
271 1679 408 1718 verba:
449 1676 711 1730 τειχίσαντες
744 1678 789 1719 δὲ
829 1677 870 1719 οἱ
901 1672 1124 1734 Ἀθηναῖοι
1161 1683 1243 1722 τοῦ
1274 1682 1440 1736 χωρίου
1470 1697 1527 1723 τα

37 1738 149 1795 πρὸς
178 1736 365 1797 ἤπειρον
402 1743 476 1784 καὶ
508 1736 534 1784 ἃ
569 1741 759 1798 μάλιστα
799 1742 884 1787 ε’όει
916 1780 924 1787 .
958 1780 965 1787 .
998 1781 1005 1787 .
1038 1742 1119 1788 τὸν
1154 1762 1234 1802 μεν
1264 1750 1522 1805 Δημοσθένη

37 1823 146 1862 μετα
183 1811 298 1851 νεῶν
337 1805 367 1852 ε’
400 1804 541 1852 αὐτοῦ
579 1807 756 1864 φύλακα
793 1815 1111 1857 καταλείποισι
1150 1832 1270 1859 causa
1306 1821 1380 1860 fuit
1415 1822 1521 1871 quod

38 1881 236 1920 dicer-etui
287 1879 361 1920 καὶ
404 1880 639 1936 κατέστησε
687 1879 918 1937 φρούριον.
994 1888 1150 1926 Auxilio
1193 1901 1310 1938 pomo
1359 1890 1524 1929 veniunt

39 1961 123 1999 cap.
146 1952 170 1989 8
202 1944 529 2002 οἱΣπαρτιᾶται
560 1943 684 1990 αὐτοὶ
717 1949 797 2004 μὲν
827 1951 901 1992 καὶ
934 1949 974 1992 οἱ
997 1949 1211 2005 ἐγγύτατα
1241 1954 1335 1994 τῶν
1362 1954 1525 2008 περιοί-

37 2027 144 2070 xnus),
179 2031 258 2057 non
290 2019 344 2057 illi
366 2020 523 2069 quidem
556 2020 656 2060 duce
678 2022 857 2072 Brasida,
888 2023 956 2061 sed
990 2036 1074 2061 cum
1108 2037 1191 2074 cap.
1217 2028 1277 2074 11,
1299 2028 1324 2063 4
1356 2026 1416 2063 hic
1447 2037 1525 2074 φα-

33 2078 288 2135 νερώτατος
310 2086 467 2126 dicatur
498 2091 535 2126 et
563 2089 665 2127 inter
686 2090 925 2129 trierarchos
947 2092 1007 2140 sit,
1039 2092 1312 2142 neglegent-iae
1333 2105 1524 2142 gramma-

32 2153 102 2190 ,tici
133 2152 246 2192 facile
278 2155 504 2203 ignoscitur.
564 2157 596 2194 E
627 2169 711 2207 cap.
738 2158 821 2204 XII,
847 2162 865 2196 1
899 2147 924 2208 ἡ
959 2149 1088 2203 ἀσπὶς
1120 2150 1258 2197 αὐτοῦ
1288 2154 1523 2212 περιερρύη

36 2220 182 2260 factum
214 2225 274 2260 est
306 2212 497 2270 ἀπέβαλε
527 2217 609 2275 τὴν
643 2215 805 2263 ἀσπίδα
835 2239 857 2264 a
887 2228 1153 2277 grammatico,
1186 2229 1253 2277 qui
1284 2242 1362 2267 non
1394 2231 1522 2268 minus

36 2289 298 2339 neglegenter
328 2292 514 2340 temporis
546 2293 718 2332 rationes
750 2294 904 2332 curavit
934 2307 1062 2344 neque
1095 2296 1311 2344 compluria
1342 2300 1384 2335 ut
1414 2298 1522 2336 Thu-

38 2356 202 2406 cydides
233 2357 461 2398 discernens
492 2360 644 2408 proelia
675 2364 713 2399 et
743 2373 849 2399 nunc
872 2361 1024 2400 demum
1058 2362 1325 2411 Sphacteriam
1357 2367 1468 2403 ratus
1499 2378 1522 2403 a

37 2423 360 2464 Lacedaemoniis
392 2428 604 2478 obtentam,
635 2441 736 2478 quae
767 2441 831 2466 les
862 2429 966 2478 apud
997 2429 1270 2478 Thucydidem
1302 2432 1377 2469 iam
1414 2433 1522 2471 initio

0 2536 1 2540 Ἰ
36 2491 153 2531 huius
184 2493 272 2531 belli
309 2495 434 2543 partis
470 2494 568 2545 (cap.
597 2499 635 2546 8,
659 2499 693 2535 5.
724 2496 765 2543 6)
802 2496 854 2535 fit.
915 2497 1072 2535 Illorum
1105 2511 1263 2548 quoque
1296 2501 1522 2539 verborum.

36 2551 176 2605 τόπος
198 2556 245 2598 δὲ
271 2556 406 2607 οὐτος
436 2561 547 2610 κτλ.
579 2576 680 2614 quae
711 2564 831 2602 schol.
854 2565 890 2602 II
921 2563 1017 2602 falso
1048 2564 1097 2602 ad
1120 2566 1260 2615 Pylum
1291 2567 1425 2617 refert,
1456 2580 1522 2606 an-

37 2637 118 2664 sam
150 2628 314 2677 praebet
339 2594 607 2681 Thucydides,
637 2643 723 2669 cum
754 2631 793 2668 in
826 2643 909 2680 cap.
940 2633 1005 2681 30,
1034 2634 1055 2670 2
1089 2632 1274 2682 loquatm
1305 2634 1353 2672 de
1381 2641 1524 2672 στενο-

35 2690 176 2747 χωρίᾳ
196 2692 273 2745 τῆς
295 2689 430 2745 νῄσου
462 2694 526 2746 (cf.
548 2700 585 2750 8,
607 2697 660 2745 6).
718 2698 890 2737 Nuntios
919 2711 1038 2748 porro
1066 2711 1089 2737 a.
1110 2701 1376 2741 Demosthene
1403 2703 1524 2742 Athe·

153 2838 182 2880 ¹³)
213 2837 268 2873 De
293 2838 428 2881 quibus
453 2838 499 2874 cf.
525 2849 604 2884 cap.
623 2839 655 2873 Π
680 2849 715 2883 p.
735 2842 809 2873 247.

1262 2910 1323 2945 19*
