1815 3231
1443 159 1521 195 335

42 296 179 334 hausta
209 295 300 331 sunt
331 303 431 341 quae
463 289 510 327 de
542 284 736 325 Antiocho
769 283 878 331 dixit,
915 292 1016 330 quae
1048 279 1098 316 ibi
1129 277 1315 325 leguntur
1345 273 1382 310 in
1417 270 1521 308 Ilell.

43 365 70 412 Ι,
92 366 128 412 5,
152 365 218 401 12:
256 348 525 408 jzlstxcfflz'cd'rjg
558 385 565 392 .
600 385 607 392 .
641 382 649 390 .
683 342 943 389 καταλιπών
976 343 1047 385 ἐπὶ
1068 349 1161 389 ταῖς
1184 338 1338 380 ναυσὶν
1369 330 1523 376 ,Ἀντίο-

40 443 122 482 χον
143 424 223 468 τὸν
246 419 385 466 αὐτοῦ
407 416 677 475 κυβερνήτην
705 419 799 457 κτλ.
862 416 1013 456 Deinde
1037 413 1200 453 eundem
1225 409 1522 458 Xenophontem

44 498 242 538 consuluit
273 497 321 534 dc
352 499 528 543 tempore
560 490 721 537 reditus,
759 487 863 537 quod
897 487 980 534 ipse
1013 483 1158 520 indicat
1196 472 1384 526 Hvdomv
1416 472 1524 517 xvi„

44 573 86 606 ut
125 566 218 605 illud
254 553 489 602 κατελθών
524 555 602 610 μὲν
639 553 711 595 ἐπὶ
744 545 1011 604 Ἀντιγέιόυς
1049 543 1135 600 πρὸ
1171 543 1377 585 ἐνιαυτοῖ-
1409 555 1445 579 τ.
1474 540 1522 579 B.

43 638 111 673 aut
141 634 188 672 ad
220 632 522 680 Xenophontem
554 626 761 673 referatur,
798 621 902 672 quod
941 632 1027 658 cum
1059 614 1305 666 insequentia
1342 612 1389 649 ad
1422 612 1525 648 hune

45 704 244 740 auctorem
284 698 505 737 referantur
542 707 613 744 per
644 705 685 730 se
717 689 963 729 verisimilius
996 690 1066 734 cst,
1102 687 1168 722 aut
1204 682 1253 720 ad
1285 679 1524 718 Audi-onem.

46 769 158 809 Unde
190 768 319 806 statim
354 765 550 804 evincitur
583 763 656 800 iam
680 759 891 807 Didymum
924 756 1009 793 illas
1029 753 1258 791 archontum
1282 749 1526 794 aliarumque

45 851 175 877 rerum
213 837 262 875 ad
300 832 593 882 chronologiam
632 827 911 879 pertinentium
948 822 1053 873 apud
1086 819 1382 868 Xenophontem
1424 826 1526 851 men-

45 908 180 953 tiones,
218 916 319 954 quae
357 901 471 940 hodie
510 898 768 948 interpolatae
805 890 1061 938 habentui-⁷),
1097 889 1133 926 in
1172 889 1281 925 textu
1319 882 1527 922 invenisse.

46 974 211 1022 Legitur
243 972 343 1009 enim
382 968 486 1019 apud
519 966 819 1015 Xenophontem
859 970 1094 1010 quamquam
1126 956 1226 993 falso
1264 952 1362 990 Hell.
1389 951 1417 999 Ι,
1446 951 1524 998 3,1

47 1039 130 1079 τοῦ
167 1031 204 1078 δ’
236 1031 442 1082 ἐπιόντος
483 1029 607 1079 ἔτους
645 1063 652 1070 .
688 1062 695 1070 .
729 1062 736 1068 .
776 1021 989 1079 ἄρχοντος
1031 1015 1068 1063 ὁ)
1109 1013 1364 1072 Ἀντιγένους
1405 1011 1528 1067 ἔαρος

48 1101 292 1159 ἀρχομένου
329 1104 441 1148 κτλ,
479 1102 621 1141 deinde
661 1100 878 1150 proximum
917 1094 1114 1133 archontis
1152 1103 1290 1129 nomen
1331 1087 1528 1125 invenitur

47 1178 76 1225 I,
105 1181 140 1226 (3,
170 1180 189 1215 1
229 1173 292 1225 τῷ
329 1164 366 1211 ὁ)
395 1165 566 1210 ἐπιόντι
604 1162 688 1206 ἔτει
721 1198 728 1205 .
764 1197 771 1204 .
806 1196 814 1203 .
848 1156 1058 1215 ἄρχοντος
1100 1156 1144 1197 ὸὲ
1176 1153 1372 1196 Καλλίου
1411 1145 1530 1202 Ἀθή-

49 1252 159 1296 νησι,
192 1249 235 1282 ut
265 1245 296 1280 is
328 1241 394 1291 qui
418 1253 495 1279 non
518 1238 618 1276 adeo
642 1237 851 1285 diligenter
881 1236 1079 1270 auctorem
1103 1227 1267 1277 legebat,
1299 1221 1528 1274 praesertim

49 1325 136 1351 cum
169 1310 265 1349 illud
298 1299 543 1360 ἀρχομένου
575 1303 655 1343 τοῦ
678 1297 804 1353 ἔαρος
835 1302 864 1349 Ι,
885 1304 922 1350 4,
944 1303 966 1338 2
1001 1297 1239 1346 neglegeret,
1270 1292 1399 1331 omnia
1431 1300 1530 1338 quae

50 1383 78 1430 l,
100 1384 135 1426 3,
160 1383 180 1418 1
212 1390 335 1428 nsque
365 1377 412 1414 ad
436 1377 464 1425 I,
487 1378 524 1424 6,
548 1377 567 1412 1
593 1375 801 1411 narrantur
830 1370 896 1407 uni
920 1367 1124 1415 eidemque
1147 1361 1331 1410 Antigeni
1360 1357 1531 1407 potuerit

50 1449 234 1486 tribuere.
292 1444 406 1493 Quod
429 1444 565 1481 vitium
598 1453 684 1479 cum
707 1440 744 1476 in
769 1451 809 1476 sc
837 1436 1059 1474 admitteret
1082 1431 1285 1480 Didymus,
1316 1425 1531 1466 Alcibiadis

49 1515 230 1564 reditum,
262 1515 288 1564 Ι,
316 1516 352 1562 5,
376 1515 438 1551 11.
468 1514 517 1549 12
541 1512 754 1556 narratum,
786 1504 973 1554 Antigeni
996 1501 1142 1549 tribuit,
1174 1502 1216 1536 ut
1243 1497 1370 1536 omnia
1402 1506 1531 1543 quam-

51 1596 167 1633 quam
208 1593 349 1630 magna
382 1593 401 1618 e
434 1581 544 1629 parte
583 1576 679 1614 falso
718 1574 919 1612 intellecta
957 1584 976 1608 e
1014 1565 1286 1617 Xenophontis
1317 1561 1532 1601 Hellenieis

51 1656 143 1690 nata
174 1648 323 1696 sint¹³³)‚
354 1661 376 1686 a
397 1660 476 1697 quo
499 1645 663 1684 Andron
692 1641 889 1689 dissensit,
920 1640 1002 1677 sine
1030 1636 1147 1675 dubio
1178 1634 1366 1672 archonte
1398 1630 1533 1669 Diocle

52 1716 179 1766 409!ss
212 1717 424 1756 revertisse
447 1712 689 1752 Alcibiadem
722 1710 1008 1755 demonstrans,
1039 1717 1153 1755 quem
1185 1691 1323 1752 ἡμέρᾳ
1346 1689 1369 1749 ἧ
1391 1697 1525 1736 Πλυν·

52 1780 180 1838 τήρια
215 1777 320 1835 ἦγεν
356 1773 381 1834 ἦ
413 1776 543 1827 πόλις
583 1778 620 1828 (i.
648 1792 679 1818 e.
711 1789 849 1816 versus
880 1775 994 1813 finem
1028 1773 1119 1810 anni
1146 1767 1331 1817 40910‘8W)
1370 1767 1533 1805 rediisse

53 1854 275 1903 Xenophon
307 1856 451 1890 narrat.
502 1848 578 1887 Sed
609 1848 694 1896 quis
726 1850 783 1883 est
814 1844 874 1881 hie
906 1841 1097 1880 Andron?
1151 1838 1350 1876 Habemus
1381 1834 1532 1873 Andro-

55 1935 142 1960 nem
174 1914 637 1963 Halicarnassensem¹3),
680 1914 744 1964 qui
778 1911 937 1961 scripsit
969 1909 1110 1947 librum
1148 1907 1257 1944 cuius
1288 1904 1425 1942 titulus
1463 1902 1534 1939 fuit

53 1985 370 2040 ‚,6vyye‘vezat“:
409 1999 525 2036 quem
565 1985 603 2022 in
641 1980 913 2020 vetustissimis
944 1976 1184 2027 temporibus
1220 1975 1418 2011 versatum
1449 1982 1535 2009 esse

57 2063 95 2097 et
126 2058 262 2096 titulus
295 2056 409 2094 docet
440 2057 478 2092 et
510 2053 638 2109 omnia
659 2051 891 2099 fragmenta,
920 2057 1085 2096 quorum
1112 2046 1161 2082 14
1192 2043 1273 2080 sive
1303 2044 1352 2080 15
1385 2039 1433 2077 ad
1466 2051 1536 2077 nos

57 2127 339 2177 pervenerunt,
371 2123 538 2173 probant
569 2122 725 2170 praeter
748 2129 865 2156 unum
898 2114 1015 2153 schol.
1036 2114 1131 2150 Rau.
1157 2113 1274 2149 1422.
1333 2109 1458 2155 Quam
1486 2108 1534 2145 ob

56 2207 136 2232 rem
174 2205 244 2242 per
275 2204 315 2230 se
351 2191 524 2239 suspicio
556 2188 729 2226 nascitur
767 2183 966 2222 Andronis
999 2191 1139 2218 nomen
1179 2189 1265 2216 esse
1296 2179 1534 2226 corruptum.

172 2301 214 2345 ¹2)
248 2298 302 2335 Cf.
328 2295 642 2336 Breitenbachius‚
669 2292 762 2327 Hell.
786 2291 832 2325 ad
857 2290 884 2332 Ι,
904 2292 938 2324 31
971 2292 1006 2322 et
1030 2285 1162 2321 introd.
1186 2285 1205 2328 ξ
1227 2289 1277 2320 78.
1299 2288 1352 2318 56.

172 2359 214 2399 13)
243 2357 350 2390 Falso
389 2364 477 2397 ergo
511 2352 683 2388 Clintono
721 2347 978 2392 grammaticus
1016 2343 1231 2378 Andronem
1270 2341 1393 2386 potius
1432 2349 1537 2383 quam

59 2414 339 2458 Xenophontem
364 2411 514 2445 videtur
538 2411 688 2443 secutus
713 2415 794 2440 esse
819 2405 841 2438 l.
859 2413 889 2437 a.

174 2472 219 2513 ¹⁴)
250 2468 304 2503 Cf.
330 2467 434 2509 Xen.,
459 2465 553 2500 Hell.
570 2465 597 2507 I,
616 2468 646 2498 5.
667 2466 704 2497 1⁰
744 2466 780 2496 et
801 2457 1104 2494 Breitenbachius
1129 2455 1175 2489 ad
1201 2455 1232 2490 h.
1251 2455 1289 2497 l.;
1314 2458 1474 2488 ceterum
1500 2452 1538 2486 in

688 2489 718 2505 -7

60 2527 198 2562 scholio
223 2536 304 2560 cum
330 2527 467 2568 quanta
485 2519 687 2563 Antigenis
704 2517 842 2552 nomini
868 2514 1062 2550 tribuenda
1080 2513 1128 2547 sit
1145 2510 1343 2546 auctoritas
1369 2509 1436 2543 iam
1455 2518 1538 2542 con-

62 2588 144 2626 stet,
179 2592 217 2617 re
234 2591 322 2616 vera
347 2578 551 2614 differentia
583 2577 628 2610 de
654 2575 794 2610 reditus
820 2577 982 2616 tempore
1014 2569 1158 2604 omnino
1183 2577 1257 2601 non
1283 2570 1411 2601 exstat.
1458 2565 1537 2599 Non

62 2639 195 2673 maiore
226 2637 304 2671 iure
337 2634 575 2676 Gerhardius,
608 2633 629 2666 1.
653 2642 682 2666 a.
710 2641 744 2674 p.
768 2632 821 2672 33,
854 2629 905 2662 sic
935 2627 1121 2670 vituperat
1151 2623 1438 2668 grammaticum:
1473 2620 1539 2654 sed

63 2693 271 2730 Aristarchi
297 2701 452 2726 errorem
478 2690 586 2733 longe
613 2686 802 2731 superavit
827 2684 905 2719 eius
931 2681 1164 2726 neglegentia
1188 2680 1294 2714 euius
1318 2683 1402 2714 sunt
1418 2677 1539 2720 verba,

62 2755 164 2786 recta
187 2750 280 2783 falsa
304 2748 392 2781 mira
416 2745 692 2780 confundentia:
721 2740 809 2785 περὶ
836 2744 897 2784 τῆς
922 2734 1100 2783 δευτέρας
1125 2738 1204 2771 κτλ.

179 2809 222 2849 ¹⁰)
254 2803 308 2840 Cf.
333 2803 542 2846 Muellerus,
566 2801 583 2835 I
608 2812 643 2845 p.
662 2797 827 2841 LXXXI,
852 2797 885 2831 11
911 2807 946 2841 p.
965 2798 1028 2830 346
1043 2804 1121 2838 sqq.
