1830 3201
323 183 403 221 358

322 290 364 339 ἐς
404 286 504 338 Διός
546 290 754 344 στρατίου
797 288 917 345 ἱερόν
959 294 1086 342 (119).
1127 326 1134 333 .
1172 325 1180 333 .
1219 325 1227 334 .
1262 292 1599 348 κατειληθέντες
1649 292 1695 335 δὲ
1738 288 1803 336 οἷν

322 351 448 399 οὗτοι
503 355 702 398 ἐνταῦθα
756 356 1050 409 ἐβουλεύοντο
1107 359 1208 413 περὶ
1260 361 1487 415 σωτηρίης,
1539 353 1728 416 ὁκότερα
1775 356 1802 416 ἢ

321 421 594 477 παραδόντες
634 424 766 476 σφέας
805 419 966 474 αὐτοὺς
998 426 1182 479 Πέρσῃσι
1222 421 1248 479 ἢ
1287 422 1545 476 ἐκλιπόντες
1585 424 1636 468 τὸ
1668 426 1804 482 παρά-

320 507 411 533 παν
447 489 530 545 τὴν
563 486 705 546 Ἀσίην
748 488 927 546 ἄμεινον
966 490 1196 547 πρήξουσι.
1249 494 1607 547 βουλευομένοισι.
1648 495 1695 536 δέ
1729 506 1804 547 σφι

320 560 458 600 ταῦτα
487 560 810 613 παραγίνονται
842 560 1113 615 βοηθέοντες
1143 556 1355 615 Μιλήσιοί
1384 577 1431 603 τε
1463 562 1534 603 καὶ
1567 561 1608 603 οἷ
1629 559 1803 604 τούτων

321 624 547 681 σύμμαχοι.
609 632 641 669 Α
674 631 816 681 quibus
847 632 968 670 adiuti
1007 632 1150 671 bellum
1188 634 1326 671 iterum
1358 638 1628 683 susceperunt,
1666 634 1734 672 sed
1766 637 1804 672 et

320 699 392 747 ipsi
433 698 574 736 devicti
618 702 709 737 sunt
750 702 787 737 et
822 692 1009 749 μάλιστα
1045 694 1253 750 Μιλήσιοι
1290 694 1623 752 ἑπλήγησαν44);
1666 702 1801 741 eadem

320 765 489 815 denique
528 766 726 805 invenitur
763 767 868 816 apud
901 768 1014 805 Diod.
1044 769 1357 818 exeerpt.Vatio.
1384 770 1429 817 X,
1451 772 1519 807 25:
1562 760 1629 806 ὅτι
1661 767 1804 820 Κᾶρες

318 822 404 869 ὑπὸ
437 831 621 882 Περσῶν
661 828 1045 884 καταπονούμενοι
1090 827 1380 887 ἐπηρώτησαν
1421 832 1521 886 περὶ
1564 833 1804 887 συμμαχίας

319 896 354 937 εἰ
386 894 715 950 προσλάβοιντο
745 899 985 952 Μιλησίους
1017 896 1276 953 συμμάχους.
1329 892 1420 940 ὁὸὲ
1444 894 1636 941 ἀνεῖλεν·
1670 897 1803 941 πάλαι

319 968 427 1015 κτλ.,
459 972 502 1007 ut
534 969 669 1007 videre
702 970 818 1008 liceat
855 977 893 1008 et
924 972 1138 1009 Demonem
1170 974 1208 1009 et
1240 971 1454 1009 Diodorum
1494 984 1570 1009 non
1603 972 1650 1010 ab
1682 973 1805 1010 Hero-

320 1035 411 1074 doto
443 1037 527 1086 ipso
566 1037 793 1086 dependere
830 1038 898 1076 sed
938 1038 986 1076 ab
1026 1039 1211 1077 historico
1249 1039 1314 1088 qui
1352 1051 1423 1077 sua
1458 1052 1505 1077 ex
1537 1042 1647 1089 parte
1684 1041 1803 1078 Hero-

319 1105 449 1143 dotum
488 1106 677 1154 sequitur.
737 1105 812 1144 Sed
846 1107 1031 1144 Demonis
1068 1106 1329 1155 fragmentum
1363 1108 1487 1156 ipsum
1526 1107 1680 1146 duobus
1715 1120 1802 1156 gra-

318 1172 484 1210 vissimis
506 1173 609 1210 vitiis
641 1176 869 1222 corruptum
902 1185 987 1211 esse
1022 1175 1095 1212 iam
1127 1174 1447 1212 Hemsterhusius
1477 1186 1515 1223 p.
1538 1178 1616 1213 341
1631 1187 1715 1224 sqq.
1746 1175 1802 1212 in-

320 1240 477 1285 tellexit,
510 1253 587 1278 non
620 1240 721 1278 idem
756 1253 803 1278 ea
834 1241 1069 1279 emendavit,
1129 1241 1305 1288 Quorum
1327 1242 1494 1280 alterum
1516 1243 1611 1280 latet
1631 1243 1669 1280 in
1691 1233 1803 1292 πρὸς

318 1301 422 1352 τοῖς
454 1297 780 1357 Άμπρακιώτας
812 1308 872 1350 (V:
904 1298 1240 1359 Ἀμβρακιώτας)
1273 1310 1338 1358 qui
1372 1309 1466 1359 quid
1500 1322 1704 1348 commune
1736 1310 1801 1347 ha-

320 1376 475 1414 buerint
513 1389 598 1413 eum
638 1376 801 1414 Caribus
842 1376 960 1425 longo
1002 1377 1207 1416 intervallo
1248 1378 1406 1415 remotis
1447 1390 1518 1416 suo
1561 1378 1646 1416 iure
1686 1378 1801 1415 inter-

319 1444 473 1491 rogavit
503 1444 835 1482 IlemsterhusiuS.
893 1444 1058 1482 Accedit
1098 1444 1203 1494 quod
1243 1457 1493 1494 quocumque
1530 1444 1654 1483 refers
1690 1435 1802 1495 πρὸς

318 1522 353 1547 τ.
392 1501 459 1557 Α,
499 1512 581 1549 sive
624 1511 674 1549 ad
716 1508 817 1562 περὶ
855 1510 936 1549 τοῦ
970 1508 1168 1562 πολέμου
1210 1513 1291 1550 sive
1334 1512 1381 1550 ad
1425 1509 1799 1563 βουλευσαμένων,

319 1590 433 1615 sensu
472 1590 583 1616 cassa
623 1582 713 1616 sunt
749 1579 880 1617 verba.
941 1579 1050 1626 Quae
1089 1592 1176 1617 oum
1214 1580 1268 1617 ita
1307 1592 1346 1618 se
1386 1580 1564 1626 habeant,
1603 1581 1802 1618 Hemster-

318 1645 464 1695 husius,
495 1658 580 1684 eum
612 1649 728 1684 antea
758 1647 1028 1696 proposuisset
1066 1640 1176 1696 πρὸς
1206 1640 1311 1691 τούς
1344 1636 1612 1697 Ἄμβλαδέας,
1650 1660 1728 1696 qua
1758 1659 1800 1685 re

319 1726 394 1751 non
444 1726 579 1752 omnes
628 1714 876 1752 difficultates
924 1718 1193 1763 removentur,
1239 1714 1379 1752 deinde
1428 1715 1619 1753 Herodoti
1669 1727 1800 1753 narra-

317 1782 422 1819 tione
467 1785 505 1820 et
547 1781 747 1820 Strabonis
787 1782 889 1832 XIV,
924 1784 1001 1821 659
1045 1785 1259 1820 commotus
1301 1783 1422 1820 latere
1462 1783 1501 1820 in
1542 1775 1654 1832 πρὸς
1693 1774 1801 1827 τούς

317 1838 636 1898 Ἀμβρακιώτας
676 1849 830 1899 putavit
870 1843 982 1899 πρὸς
1022 1847 1086 1900 τῷ
1125 1847 1205 1886 τοῦ
1247 1845 1540 1900 Λαβρανδέως
1581 1849 1648 1895 (se.
1683 1843 1799 1896 Διὸς)

317 1907 447 1963 ἄλσει,
489 1930 574 1955 eum
618 1918 834 1956 Muellerus
875 1918 983 1955 malit
1021 1910 1133 1967 πρὸς
1173 1915 1237 1967 τῷ
1275 1911 1373 1962 Διὸς
1416 1910 1689 1967 στρατιώτου
1732 1917 1800 1965 (se.

318 1977 467 2030 ἄλσει).
526 1984 640 2032 Quod
671 1985 719 2023 ad
749 1997 906 2023 sensum
939 1986 1078 2023 attinet
1104 1998 1240 2023 verum
1270 1985 1426 2023 videtur
1456 1986 1653 2023 invenisse
1685 1986 1799 2023 Hem-

317 2052 546 2099 stmhusius,
582 2064 817 2101 quamquam
855 2055 943 2090 utra
980 2053 1143 2090 mutatio
1183 2052 1441 2102 praeferenda
1477 2053 1544 2102 sit,
1581 2065 1629 2090 an
1669 2055 1797 2090 utrum

319 2119 484 2157 sortasse
527 2118 775 2157 scribendum
820 2120 869 2157 sit
912 2110 1022 2169 πρὸς
1063 2111 1339 2169 Λαβράνὸοις
1384 2122 1491 2157 certo
1532 2119 1608 2158 diei
1651 2120 1799 2169 nequit.

317 2187 494 2225 Alterum
534 2187 667 2225 vitium
709 2187 804 2225 latet
848 2187 886 2224 in
931 2178 1262 2237 ἀλκιμωτάτους
1295 2208 1348 2212 —-
1381 2180 1648 2237 συμμάχους,
1696 2200 1798 2237 quae

321 2254 441 2291 verba
472 2255 788 2292 Hemsterliusius
820 2258 888 2292 aut
918 2254 970 2292 ita
991 2255 1077 2292 vult
1107 2255 1323 2303 transponi,
1354 2257 1396 2292 ut
1427 2254 1588 2292 scribat:
1619 2251 1798 2300 βουλευ-

318 2317 519 2369 σαμένων
554 2318 675 2365 τίνας
714 2319 808 2358 τῶν
844 2315 1057 2371 γειτόνων
1094 2312 1426 2372 ἀλκιμωτάτους
1465 2313 1598 2366 ὄντας
1634 2317 1682 2358 ἐν
1718 2332 1797 2358 πο-

319 2384 434 2438 λέμῳ
461 2382 543 2438 χρὴ
571 2389 799 2426 ποιεῖσθαι
832 2382 1081 2439 συμμάχους
1111 2393 1178 2427 aut
1209 2390 1357 2427 minore
1388 2390 1600 2427 mutatione
1631 2387 1668 2436 β.
1701 2378 1796 2425 αλκ.

317 2447 448 2499 ὄντας
495 2451 542 2492 ἐν
589 2455 690 2494 πολ,
741 2454 834 2494 τῶν
876 2450 1090 2506 γειτόνων
1134 2453 1255 2501 τίνας
1298 2447 1378 2506 χρὴ
1421 2454 1647 2493 ποιεῖσθαι
1694 2463 1797 2505 συμ-

316 2513 492 2571 μάχους,
538 2536 640 2572 quae
681 2524 845 2562 eundem
887 2525 925 2562 in
968 2524 1122 2562 modum
1164 2536 1209 2562 ae
1249 2523 1381 2572 priora
1428 2526 1540 2573 putat
1580 2535 1696 2573 posse
1741 2523 1796 2561 in-

320 2591 461 2638 tellegi.
520 2590 633 2637 Quod
673 2592 746 2629 nisi
778 2588 899 2636 τίνας
935 2592 1174 2641 transposito
1212 2590 1293 2628 fieri
1325 2603 1402 2629 non
1435 2603 1552 2640 posse
1588 2593 1694 2629 reete
1731 2603 1796 2628 ex-

318 2657 447 2705 posuit
498 2658 743 2707 Dindorfius‚
802 2660 868 2708 qui
922 2658 1082 2697 retinuit
1141 2651 1252 2708 πρὸς
1307 2651 1411 2703 τοὺς
1469 2647 1797 2708 Άμπρακιώτας

431 2756 473 2796 ⁴⁴)
509 2754 564 2787 De
590 2758 665 2788 tota
690 2753 755 2787 hae
781 2754 985 2788 narratione
1015 2754 1060 2787 ef.
1086 2754 1347 2797 Pomptowius‚
1379 2755 1400 2787 l.
1424 2763 1454 2787 a.
1480 2764 1514 2796 p.
1538 2757 1593 2796 133
1627 2753 1794 2797 equidem

318 2809 442 2843 omitto
468 2814 547 2843 aeta
571 2820 690 2851 agere.
