1815 3231
1454 185 1502 219 79

31 286 71 321 at
109 286 216 322 certe
253 284 450 322 minuitur.
509 285 596 331 Quo
630 286 744 323 modo
776 288 899 325 altera
931 290 966 326 in
999 292 1156 328 alteram
1189 293 1502 338 transgrediatur

30 351 195 398 notio¹),
234 353 413 402 exempla
446 353 653 391 Homerica
685 355 881 393 illustrare
914 363 1087 407 possunt,
1120 363 1159 397 ut
1194 359 1228 396 Ιι’
1250 364 1327 398 -149
1360 358 1396 396 ω’
1425 359 1502 410 μὲν

28 411 111 470 γάρ
153 416 204 457 κε’
244 427 289 457 σε
330 417 416 457 νῦν
457 410 743 471 ἀπολύσομεν
784 413 832 473 ἠὲ
872 423 1077 474 ,asthma-1·
1123 432 1160 463 et
1206 440 1227 462 o
1253 432 1329 466 212
1369 420 1421 464 αι’·
1459 439 1494 465 «51

28 481 222 539 μεθήσει,
254 489 320 538 qui
351 489 435 534 loci,
473 490 542 527 etsi
576 491 681 528 notio
719 491 955 536 „loslassen“
993 494 1029 531 in
1062 508 1127 532 eos
1159 497 1294 533 molius
1325 497 1504 545 quadrat,

29 568 153 606 paene
186 559 394 606 utramque
425 557 788 607 interpretationem
822 563 859 597 ct
894 560 1168 606 „sortsendeiffl
1201 568 1238 602 ct
1264 565 1497 603 „leslassvii’

30 624 251 663 admittunt.

140 694 240 732 Tum
281 705 377 732 vero
415 693 576 732 verbum
620 699 848 745 usurpatum
891 701 949 734 est
992 697 1039 734 ad
1086 698 1314 736 indicandas
1356 713 1432 748 rvs,
1483 714 1503 738 ιι

28 761 171 810 quibus
199 761 412 811 desistitur,
444 753 539 812 οὖχὶ
569 759 710 812 μεθίει
747 764 780 800 0
803 767 896 804 716:
930 763 975 801 ΙΙ
994 769 1088 806 762:
1124 765 1161 803 ‹l›
1183 769 1233 805 72
1262 771 1299 804 rt
1321 769 1503 806 translat(-

29 829 77 867 de
108 830 260 868 obiecto
290 823 428 880 χόλου
459 828 498 868 Α
523 830 661 881 2832);
697 830 730 868 O
756 835 847 877 138ς
881 844 906 868 α
930 836 992 871 77.

141 909 374 959 Genetivus,
425 911 489 959 qui
531 910 689 948 ablativi
728 912 813 949 vice
855 911 1048 962 fungitur,
1102 912 1228 951 1²539
1268 912 1348 964 κῆρ
1382 906 1504 964 ἄχεος

26 973 224 1029 μεθέηκα
265 977 313 1016 ad
350 978 513 1016 verbum
555 978 749 1017 accedens
790 980 934 1029 effecit,
979 984 1020 1018 ut
1061 981 1219 1019 verbum
1253 982 1397 1019 notioni
1435 983 1504 1019 ..ab

28 1046 163 1095 aliqua
198 1058 242 1084 re
279 1046 459 1084 levandi“
505 1046 857 1097 appropinquaret.
921 1048 1183 1087 Adnotatione
1228 1049 1504 1100 paraphrastae

26 1106 187 1164 μικρόν
225 1125 267 1151 τι
307 1111 384 1165 τῆς
415 1111 497 1151 τοῦ
530 1108 793 1165 Πατρόκλου
824 1108 1048 1160 &caninos
1080 1110 1217 1167 λύπης
1249 1111 1330 1167 τὴν
1361 1111 1505 1167 ψυχὴν

27 1174 319 1232 κεκούφισμαι
348 1183 597 1221 Duentzerus
625 1186 662 1221 ct
683 1180 844 1221 Faesius
875 1183 1034 1222 adducti
1057 1184 1249 1229 videntur.
1283 1189 1322 1223 ut
1344 1185 1503 1223 verbum

28 1244 116 1288 e'sse
157 1250 447 1289 intransitivum
486 1251 710 1289 accusativo
748 1251 948 1290 relationis
985 1249 1068 1302 κῆρ
1105 1253 1284 1302 apposito
1324 1252 1504 1290 indicent.

29 1317 177 1357 Contra
213 1330 348 1357 eorum
390 1318 624 1357 sententiam
663 1318 844 1358 conferas
875 1319 1032 1357 Ameisii
1065 1321 1423 1358 commentationem
1456 1320 1501 1357 ad

28 1385 64 1424 h.
86 1385 120 1436 l.,
157 1386 223 1436 qui
261 1385 473 1425 dictionem
513 1387 747 1425 contrariam
787 1378 889 1436 ι’ἕχος
926 1379 1089 1424 πύκασε
1123 1383 1282 1436 φρένας
1326 1386 1360 1423 1>
1377 1389 1427 1425 82}
1461 1400 1503 1424 a(-

27 1447 227 1492 πετάσειε
263 1447 414 1504 θυμόν
451 1462 475 1491 σ
501 1457 580 1494 160
618 1457 723 1493 recte
765 1458 977 1504 comparat.
1038 1454 1216 1493 Ceterum
1252 1455 1507 1504 grammatici,

28 1525 72 1561 ut
111 1522 214 1561 infra
252 1535 282 1561 s.
313 1519 479 1572 φθίνω,
510 1516 728 1571 φθινύθω
761 1522 925 1570 docebo,
970 1523 1007 1560 in
1040 1523 1273 1560 accusativis
1305 1522 1504 1560 relationis

28 1590 142 1630 nimis
173 1603 292 1641 saepe
324 1590 543 1630 statuendis
576 1591 738 1629 multum
771 1593 1049 1640 peceaverunt.

141 1661 221 1698 Iam
256 1672 352 1698 vero
374 1659 480 1699 notio
503 1659 701 1709 generalis
728 1658 962 1705 „loslassen“
990 1659 1027 1696 in
1050 1658 1282 1707 singularem
1307 1658 1503 1696 notionem

29 1727 236 1768 deserendi
266 1740 308 1767 se
340 1729 537 1767 convertit
569 1727 777 1774 (obiectum
810 1729 868 1765 est
898 1739 1067 1776 persona
1095 1725 1240 1775 aliqua)
1272 1725 1318 1763 cf.
1355 1724 1504 1773 1'4143

28 1796 220 1835 translate
251 1808 270 1834 ε
293 1799 388 1847 471,
419 1799 486 1834 aut
516 1797 555 1835 in
588 1796 828 1845 singularem
863 1794 1105 1833 concedendi
1138 1795 1343 1837 (obiectum
1368 1797 1423 1831 est
1446 1806 1506 1831 res

28 1863 178 1915 aliqua)
211 1864 259 1903 cf.
290 1861 446 1915 53643
482 1863 629 1903 P418.

142 1933 314 1972 Verbum
356 1946 434 1972 non
476 1933 599 1971 solum
642 1931 847 1970 transitive
887 1943 973 1969 cum
1003 1930 1246 1978 accusativo,
1292 1928 1359 1967 sed
1393 1929 1504 1967 etiam

28 2001 274 2040 intransitive
316 2014 402 2040 cum
443 2001 629 2051 genetivo
671 2000 925 2038 construitur.
995 1999 1243 2036 Hermannus
1288 1994 1350 2044 (ad
1391 1997 1507 2046 δορὴ.

28 2069 88 2107 El.
113 2068 249 2120 1239),
280 2070 340 2108 cui
371 2070 585 2108 Passovius
616 2071 654 2107 et
685 2068 830 2117 Papius
862 2067 1140 2113 assentiuntur,
1171 2065 1269 2103 duas
1301 2065 1387 2102 illas
1419 2076 1507 2102 con-

29 2138 266 2176 structiones
296 2138 350 2176 ita
381 2137 598 2187 distinguit,
635 2139 677 2174 ut
707 2135 868 2174 verbum
901 2134 1125 2184 genetivum
1158 2135 1352 2183 exposcat,
1397 2132 1427 2169 si
1460 2131 1507 2168 de

29 2205 269 2265 remissione,
301 2217 403 2255 quae
435 2217 482 2243 ex
514 2207 625 2255 parte
655 2203 707 2251 fit,
739 2205 776 2240 et
807 2201 1086 2250 accusativum,
1123 2201 1153 2238 si
1186 2200 1234 2238 de
1265 2203 1346 2238 tota
1378 2198 1507 2236 remis-

29 2273 141 2311 sione
172 2285 300 2311 sermo
332 2274 391 2311 sit.

8 2335 10 2337 ’
143 2340 195 2378 At
225 2352 319 2379 vero
361 2340 392 2379 si
425 2352 492 2379 eos
523 2340 650 2387 locos,
687 2337 829 2388 quibus
861 2336 1032 2375 activum
1062 2330 1240 2385 μεθίημι
1273 2332 1386 2372 modo
1423 2344 1508 2370 cum

144 2474 172 2513 1)
204 2471 364 2506 Similem
389 2470 552 2505 notionis
577 2469 809 2504 mutationem
837 2467 946 2502 etiam
978 2466 1016 2500 in
1041 2465 1121 2500 aliis
1147 2464 1268 2499 verbis
1294 2462 1505 2502 Homericis,

30 2530 70 2562 ut
91 2523 256 2574 βάλλειν,
278 2523 394 2572 χέειν,
420 2523 696 2567 λανθάνεσθαι,
722 2519 979 2568 ὑποδέχεσθαι
1005 2523 1157 2566 aliisque
1176 2519 1390 2564 compositis
1408 2518 1511 2552 verbi

32 2580 138 2627 ἱέναι,
163 2584 352 2619 observari
377 2593 487 2628 posse
512 2583 650 2628 primus
676 2580 838 2616 ostendit
862 2578 1050 2613 Ameisius
1075 2579 1112 2612 in
1137 2587 1220 2621 app.
1247 2576 1291 2609 ad
1321 2587 1335 2609 ε
1356 2578 1429 2609 316.

142 2642 173 2684 2)
206 2640 348 2675 Vitiose
373 2639 683 2683 Naegelsbachius
715 2637 746 2672 h.
772 2637 794 2670 l.
822 2630 973 2680 Ἀχιλλῆι
1007 2630 1178 2677 μεθέμεν
1205 2629 1320 2677 χόλον
1353 2631 1512 2674 explicat

32 2696 123 2736 „den
149 2697 244 2731 Zorn
268 2706 388 2741 gegen
408 2695 603 2731 Achilleus
627 2694 754 2728 fabren
779 2693 935 2726 lassen“.
982 2692 1093 2725 Immo
1111 2700 1197 2724 vero
1223 2688 1368 2722 dativus
1394 2697 1412 2721 e
1438 2690 1512 2720 tota

31 2752 218 2787 locutione
233 2748 414 2796 μεθιέναι
431 2749 550 2797 χόλον
575 2751 724 2796 pendet.
765 2747 821 2784 Cf.
840 2746 995 2782 Ameisii
1017 2746 1100 2780 adn.
1119 2745 1164 2779 ad
1182 2746 1210 2778 A
1231 2747 1293 2778 2³3
1320 2747 1355 2777 et
1376 2743 1513 2789 Krueg.

33 2807 95 2843 Di.
117 2809 138 2853 ξ
155 2811 198 2845 48
215 2811 246 2853 9,
266 2811 298 2853 2,
