1830 3201
285 171 362 208 312

283 281 407 327 Quam
440 293 518 318 rem
552 281 598 318 ad
632 282 751 319 schol.
780 282 909 331 Equit.
936 281 1076 329 81411)
1109 282 1299 321 adhibens
1337 283 1464 321 statim
1498 283 1646 321 videbis
1683 285 1760 321 tam

283 350 364 385 arte
398 347 559 386 Diodori
598 348 860 387 narrationem
899 361 984 387 cum
1024 350 1174 388 scholio
1211 350 1435 396 cohaerere⁷
1473 353 1515 388 ut
1551 353 1761 400 utrumque

282 428 328 453 ex
370 415 505 453 codem
550 415 656 454 fonte
703 417 882 455 haustum
925 429 1010 455 6336
1053 417 1202 457 debeat.
1271 419 1312 456 In
1357 420 1524 468 utroque
1567 419 1665 457 enim
1706 418 1761 456 in-

281 483 437 520 venitur
468 484 702 521 vocabulum
735 482 1161 535 καταστρατηγῆσαι,
1193 485 1334 523 deinde
1365 488 1493 524 exstat
1523 498 1608 535 cap.
1636 488 1698 531 39,
1722 488 1762 524 3:

279 542 336 599 μὴ
365 545 566 599 τειχίζειν
598 543 680 600 τὴν
709 544 846 588 πόλιν
876 545 946 589 διὰ
977 545 1027 589 τὸ
1058 545 1114 602 μὴ
1138 548 1373 603 συμφέρειν
1400 550 1527 601 κοινῇ
1556 555 1650 597 τοῖς
1673 543 1762 590 Ἕλ-

282 615 391 666 λησι,
424 616 471 654 cf.
504 617 623 656 schol.
646 620 683 656 9.
707 621 758 657 10
790 610 859 656 ὅτι
890 614 960 656 ἐπὶ
992 617 1058 670 τῷ
1088 618 1227 670 κοινῷ
1255 617 1332 670 τῆς
1359 609 1570 665 Ἐλλάδας
1602 615 1762 670 συμφέ-

280 694 402 733 ροντι
441 681 665 735 τειχίζοιεν
695 679 779 737 τήν
809 680 960 736 πόλιν;
998 687 1102 736 apud
1134 689 1345 737 utrumque
1382 688 1464 737 ipse
1502 701 1588 726 cum
1627 687 1763 736 paucis

281 752 363 789 aliis
396 752 548 801 legatus
572 754 736 792 mittitur
765 755 1081 801 Lacedaemonem
1114 756 1257 805 legitur
1285 755 1389 805 apud
1412 756 1627 794 Diodorum
1654 747 1764 805 μετὰ

277 812 467 870 μεγάλης
499 817 693 870 σπουδῆς
724 811 1002 872 ᾠκοδόμουν,
1037 824 1074 860 in
1107 823 1252 861 scholio
1284 823 1307 861 l.
1332 826 1381 862 12
1412 819 1613 873 τειχίζειν
1642 814 1762 871 πάσῃ

280 882 451 935 σπουδῇ
483 880 564 937 τὴν
595 879 744 934 πόλιν,
776 890 881 938 apud
914 889 1130 928 Diodorum
1160 883 1218 940 μὴ
1251 883 1474 928 πιστεύειν
1504 893 1650 935 κεναῖς
1681 882 1761 939 φή-

278 964 390 1002 μαις,
422 954 459 991 in
492 955 610 993 schol.
633 956 653 992 l.
678 959 728 995 25
759 949 815 1006 μὴ
838 953 1002 1006 ταχέως
1023 950 1248 995 πιστεύειν
1278 957 1384 1004 κτλ,
1417 958 1520 1007 apud
1543 956 1760 995 Diodorum

279 1014 493 1071 ἐγγυητὴν
531 1015 690 1059 ἑαυτὸν
726 1020 981 1074 παρεδίδου,
1023 1026 1060 1062 in
1099 1025 1219 1063 schol.
1255 1026 1276 1063 1.
1305 1028 1356 1064 29
1396 1016 1565 1076 ὅμηρον
1602 1016 1762 1062 ἑαυτὸν

279 1085 667 1140 κατεπηγγείλατο.
729 1091 894 1130 Accedit
924 1092 1041 1130 aliud.
1100 1094 1199 1131 Nam
1235 1094 1266 1131 si
1299 1094 1533 1143 quaerimus,
1571 1105 1648 1143 qua
1679 1095 1761 1130 tau-

280 1157 365 1194 dcm
399 1170 441 1195 1-6
472 1159 659 1207 temporis
691 1172 799 1198 mora
838 1160 1030 1198 efficiatur
1061 1160 1166 1210 apud
1200 1162 1412 1211 Ephorum,
1448 1173 1527 1199 una
1558 1173 1604 1200 ea
1634 1162 1762 1199 exstat

280 1224 385 1274 quod
418 1225 741 1264 Lacedaemoniis
772 1227 988 1276 persuadet
1018 1228 1316 1278 Themistocles,
1346 1231 1389 1267 ut
1410 1229 1563 1278 legatos
1585 1228 1762 1266 Athenas

280 1292 448 1342 mittant,
479 1294 545 1342 qui
578 1293 627 1331 ibi
660 1295 919 1344 retineantur,
951 1295 1041 1333 dum
1074 1296 1191 1345 legati
1221 1296 1482 1334 Athenienses
1513 1308 1535 1333 a
1566 1295 1762 1333 Lacedae-

280 1359 416 1397 moniis
448 1360 617 1398 absoluti
648 1362 736 1399 sint.
797 1362 906 1409 Quae
939 1375 1047 1400 mora
1078 1376 1165 1402 cum
1197 1363 1302 1413 apud
1325 1363 1575 1402 scholiastam
1603 1375 1760 1413 quoque

280 1427 501 1465 inveniatur
548 1425 609 1477 (cf.
649 1429 671 1466 1.
704 1431 775 1467 29:
821 1420 918 1466 κάν
957 1423 1103 1481 τούτῳ
1142 1424 1298 1481 τριβήν
1337 1442 1437 1468 τινα
1481 1423 1648 1481 χρόνου
1692 1425 1761 1480 ἒμ-

278 1492 511 1545 mamm),
543 1495 604 1533 hic
635 1496 797 1534 alteram
828 1509 911 1535 eam
942 1497 1068 1547 habet,
1098 1501 1141 1536 ut
1170 1498 1320 1547 legatos
1351 1498 1478 1536 socios
1501 1500 1653 1536 creatos
1685 1500 1761 1536 sta-

278 1561 344 1598 tim
378 1573 510 1600 secum
542 1562 734 1612 proficisci
757 1567 862 1602 vetet
881 1564 1179 1604 Themistocles.
1239 1565 1351 1613 Quod
1376 1578 1395 1604 6
1417 1565 1541 1604 Τ11116.
1563 1566 1593 1614 Ι,
1615 1567 1678 1611 89,
1709 1568 1761 1604 90

278 1630 459 1667 haustum
493 1634 563 1679 631,
595 1644 830 1681 quamquam
863 1633 967 1681 apud
1002 1645 1089 1671 eum
1121 1633 1243 1671 altero
1274 1633 1349 1671 hoc
1380 1633 1470 1671 dolo
1502 1645 1579 1670 non
1608 1633 1645 1670 id
1678 1632 1760 1670 effi-

278 1697 391 1745 citur,
423 1700 464 1734 ut
496 1697 585 1735 inde
618 1711 777 1748 quoquc
809 1699 995 1749 temporis
1028 1713 1135 1738 mora
1173 1701 1334 1750 oriatur,
1370 1700 1439 1738 sed
1472 1702 1513 1738 ut
1543 1700 1760 1738 Themisto-

278 1764 358 1801 cles
390 1777 411 1800 a
442 1764 776 1815 LacedaemoniiS,
813 1779 945 1805 muros
981 1767 1206 1806 aedificatos
1245 1780 1329 1806 esse
1369 1780 1455 1805 cum
1493 1767 1763 1817 cognoverint,

281 1831 469 1869 reddatur
500 1832 662 1872 civibus.
720 1834 995 1884 Thucydidem
1028 1839 1185 1885 praeter
1208 1835 1407 1885 Ephorum
1439 1835 1650 1873 adhibitum
1676 1846 1761 1872 esse

392 1931 435 1971 ¹⁰)
460 1928 515 1964 Cf.
535 1929 750 1965 Untersuch.
770 1930 829 1964 iib.
849 1931 881 1965 d.
897 1931 1049 1972 Quellen
1069 1932 1102 1965 d.
1121 1931 1255 1976 griech.
1273 1942 1306 1966 u.
1325 1931 1415 1965 sizil.
1429 1930 1561 1966 Gesch.
1579 1931 1635 1965 bei
1652 1931 1759 1965 Diod.

277 1983 318 2016 B.
334 1983 474 2018 XI—B.
487 1984 588 2028 XVI,
606 1985 690 2020 Kiel
708 1989 790 2020 1868
809 1998 842 2030 p.
862 1990 980 2030 1—713
999 1991 1171 2030 quantum
1186 1987 1231 2021 ad
1247 1987 1517 2031 expeditionem
1532 1987 1759 2021 Siciliensem

276 2040 418 2083 attinet,
444 2041 522 2075 eius
548 2041 764 2075 sententiam
790 2042 961 2085 probavit
984 2041 1160 2085 Sternius,
1186 2042 1315 2077 Philol.
1332 2043 1434 2077 XLII
1462 2054 1495 2086 p.
1514 2046 1574 2077 461
1591 2053 1669 2086 sqq.

393 2098 435 2140 ¹¹)
467 2097 520 2131 De
538 2108 611 2141 quo
629 2098 903 2133 accuratissime
921 2099 997 2142 egit
1021 2098 1090 2132 iam
1109 2098 1333 2133 Schmidtius
1358 2099 1380 2133 ].
1397 2110 1429 2134 a.
1452 2099 1483 2132 ΙΙ
1508 2111 1542 2143 p.
1561 2102 1614 2142 32,
1640 2098 1759 2132 minus

278 2156 374 2186 rcctc
401 2153 577 2196 Bauer-us,
602 2153 880 2196 Themistocles,
911 2155 1242 2198 Me1·seburg1881‚
1269 2166 1302 2198 p.
1323 2159 1384 2190 108
1410 2155 1491 2190 adn.
1510 2158 1541 2198 3,
1574 2156 1636 2198 qui
1661 2155 1760 2198 quod

276 2209 382 2242 dicit:
418 2209 533 2248 „Dass
559 2210 680 2244 dieser
706 2211 786 2253 (der
812 2211 993 2245 Scholiast
1018 2221 1061 2244 zu
1087 2211 1294 2255 Aristoph.)
1320 2221 1385 2246 aus
1411 2212 1511 2246 einer
1536 2221 1759 2246 zusammen-

280 2264 499 2307 hiingcnden
517 2264 756 2307 Darstellung
782 2265 962 2309 schopfte,
987 2266 1080 2299 lasst
1104 2265 1182 2300 sich
1208 2265 1301 2299 noch
1327 2266 1529 2300 erkennen:
1556 2263 1757 2300 αἰνίττεται

277 2318 314 2353 δὲ
343 2316 400 2353 διὰ
424 2317 561 2354 τούτου
587 2321 726 2364 (poeta)
753 2318 819 2365 τὴν
843 2318 1013 2366 ἱστορίαν
1036 2318 1337 2364 Θεμιστοκλέους
1363 2315 1420 2356 ὅτι
1446 2317 1513 2365 τήν
1533 2318 1645 2355 πόλιν
1665 2318 1758 2356 ἐτεί-

273 2387 391 2418 χισεν,
421 2374 499 2410 καὶ
524 2379 667 2410 ταῦτα
700 2374 804 2421 παρὰ
829 2374 982 2421 γνώμην
1014 2380 1089 2411 τῶν
1114 2376 1433 2421 Πελοποννησίων
1464 2372 1660 2422 ἀπατήσας
1696 2378 1757 2411 αὐ-

277 2428 362 2470 τούς
387 2433 500 2473 mast,
527 2432 604 2467 sine
622 2433 731 2467 dubio
757 2432 850 2467 falso
874 2434 1054 2468 intellexit
1071 2434 1181 2468 verba
1198 2432 1261 2468 καὶ
1278 2437 1407 2475 ταῦτα,
1433 2443 1525 2477 quae
1551 2444 1622 2467 non
1648 2433 1758 2477 signi-

274 2483 396 2530 ficant,
422 2488 458 2521 id
478 2489 576 2530 quod
593 2489 759 2523 Bauerus
777 2489 926 2523 videtur
943 2494 1082 2533 putare,
1109 2491 1222 2530 „auch
1239 2489 1389 2533 hierin⁴‘,
1415 2490 1480 2524 sed
1499 2490 1596 2529 „und
1613 2489 1756 2524 dieses“

276 2552 405 2586 nempe
431 2540 474 2577 τὸ
493 2542 667 2588 τειχίζειν
684 2559 727 2573 :-
746 2546 843 2585 „und
865 2551 991 2580 zwar“.
1041 2546 1151 2581 Cadit
1174 2547 1287 2589 igitur
1311 2546 1391 2580 eius
1416 2545 1612 2581 sententia.

389 2600 430 2640 ¹2)
461 2599 604 2642 Optime
633 2600 746 2643 igitur
771 2601 974 2644 explicatur
998 2601 1034 2635 id
1060 2601 1160 2645 quod
1185 2601 1421 2644 Schmidtius,
1447 2602 1468 2635 l.
1486 2611 1516 2635 a.
1541 2612 1575 2645 p.
1594 2604 1670 2643 366,
1695 2600 1757 2633 mi-

273 2657 383 2696 ratur,
417 2655 598 2698 quomodo
623 2654 759 2690 factum
784 2656 831 2690 sit
861 2660 903 2690 ut
932 2657 1030 2700 apud
1062 2657 1179 2691 solum
1204 2656 1435 2692 scholiastam
1467 2657 1651 2701 legeretur
1683 2651 1757 2690 κᾶν

273 2706 394 2757 τούτῳ
420 2729 462 2734 ——
488 2707 669 2755 ἐμποιῶν,
692 2721 823 2755 nempe
848 2713 934 2756 quia
959 2713 1060 2747 solus
1087 2713 1277 2747 coniunxit
1303 2713 1394 2748 duas
1422 2713 1587 2747 diversas
1613 2722 1755 2756 causas,

272 2774 422 2808 quarum
447 2766 594 2800 alteram
620 2767 665 2801 ab
693 2767 848 2811 Ephoro,
874 2768 1021 2803 alteram
1046 2779 1066 2803 a
1092 2768 1311 2814 Thucydide
1339 2768 1507 2813 sumpsit.
