1815 3231
1444 195 1523 233 295

45 304 91 345 δὲ
129 300 212 358 τὴν
249 300 473 358 πρόσεισιν
510 300 720 358 εὔκαιρον
761 306 843 345 τοῦ
886 298 1101 358 ὀνόματος
1141 305 1233 345 τῶν
1271 303 1526 345 Χαλκιδέων

46 367 117 413 διὰ
147 369 199 413 τὸ
236 365 333 413 κατ’
355 370 528 413 ἐκεῖνον
564 366 645 413 τοι*
681 369 838 425 καιρόν
874 376 1029 424 (nempe
1068 388 1145 425 quo
1178 376 1362 424 Equitum
1395 374 1527 412 fabula

45 443 161 482 docta
182 446 242 481 est
263 444 451 481 archonte
469 442 677 489 Stratocle)
702 434 948 493 ἀποστῆναι
973 432 1134 488 αὐτοὺς
1154 440 1248 479 τῶν
1270 432 1527 493 Ἀθηναίων,

45 512 187 550 deinde
220 513 382 550 alterum
414 512 607 550 scholium
640 532 694 536 -—
726 525 811 549 nani
851 515 909 550 cst
946 513 1029 549 sinc
1062 511 1180 549 dubio
1216 512 1381 549 alterum
1419 510 1528 560 salso,

44 583 87 619 ut
109 593 198 619 mox
215 580 444 630 videbimus,
467 593 553 618 cum
576 580 902 618 antecedentibus
930 581 1180 618 coniunctum
1207 600 1255 604 —-
1281 572 1528 630 ἀπέστησαν

45 644 91 685 δὲ
123 639 211 685 ἀπὸ
245 637 493 699 Ἀθηναίων
524 644 756 692 Χαλκιδεῖς
786 642 857 684 ἐπὶ
891 638 1132 684 Εὐκλείδου
1166 639 1391 697 ἄρχοντος.
1452 647 1527 684 Eu-

44 715 168 754 clides
205 716 287 754 sivc
319 717 450 765 potius
482 714 687 762 Eueles³³0)
728 715 875 753 archon
909 719 993 753 crat
1024 716 1114 752 anni
1146 712 1272 763 427l6
1311 713 1377 761 (01.
1406 716 1470 762 88,
1493 718 1529 763 2,

45 785 94 823 cf.
125 785 291 831 Clinton,
323 786 364 823 F.
388 785 436 822 ΙΙ.
462 785 496 822 11
529 797 563 833 p.
588 783 668 831 64),
700 796 778 833 quo
812 797 914 821 anno
947 783 1228 822 Chalcidenses
1260 784 1416 821 omnino
1449 796 1525 820 non

44 852 287 892 defecerunt.
347 853 522 900 Quorum
563 865 648 890 cum
688 853 820 901 aliqua
851 864 944 900 pars
984 864 1061 889 nna
1099 864 1183 889 cum
1218 851 1403 889 Potidaea
1434 850 1528 888 urbe

45 919 253 959 defecisset
293 919 435 967 (Thuc.
462 920 489 967 Ι,
521 922 585 968 58,
615 918 667 969 2),
704 932 845 968 magna
885 919 949 956 illa
986 918 1156 957 defectio
1194 918 1297 956 facta
1333 922 1391 956 est
1427 931 1528 956 anno

43 992 132 1039 post
163 989 328 1039 Equites
361 988 515 1027 doctam
549 988 738 1026 archonte
761 988 923 1025 Isarcho
955 986 1095 1032 (Thuc.
1118 988 1183 1036 IV,
1208 990 1286 1026 120
1300 985 1412 1036 sqq),
1443 999 1528 1024 cum

45 1058 120 1095 iam
153 1060 303 1096 aestate
325 1059 407 1096 424
439 1057 512 1095 sub
535 1056 671 1094 eodem
697 1056 885 1094 archonte
918 1055 1101 1093 Brasidas
1134 1067 1219 1093 cum
1253 1055 1337 1092 aliis
1364 1054 1439 1092 illis
1468 1067 1529 1092 ur-

45 1125 174 1174 bibus,
213 1136 313 1174 quae
354 1128 471 1163 antea
508 1123 748 1168 defecerant⁷
786 1126 824 1161 et
854 1122 1043 1160 Perdicca
1073 1134 1165 1170 rege
1202 1122 1342 1160 foedus
1373 1121 1531 1159 fecisset

45 1191 187 1240 (Thuc.
215 1193 280 1243 IV,
303 1191 381 1239 79).
442 1191 553 1240 Quae
590 1203 676 1229 cum
715 1191 769 1228 ita
805 1203 847 1229 se
878 1190 1059 1239 habeant,
1097 1190 1214 1239 longe
1251 1190 1372 1239 abest,
1408 1192 1450 1227 ut
1480 1190 1529 1227 ab

44 1260 231 1300 historico
263 1260 478 1299 secundum
500 1263 705 1310 praetores
727 1270 790 1297 res
820 1259 1023 1307 digerente
1055 1257 1232 1307 profecta
1255 1258 1331 1295 sint
1353 1270 1398 1295 ea
1429 1269 1530 1306 quae

46 1327 95 1367 de
126 1327 358 1367 defectionis
388 1330 566 1378 tempore
598 1330 769 1375 exstant3
806 1326 875 1364 sed
915 1328 958 1364 ut
994 1326 1102 1375 prior
1138 1326 1365 1363 scholiastes
1403 1328 1441 1363 et
1477 1325 1531 1363 ita

46 1396 129 1436 sine
160 1396 278 1436 dubio
316 1399 430 1435 vetus
462 1397 659 1446 interpres
699 1407 719 1433 e
750 1393 996 1444 Thucydidis
1029 1395 1253 1432 narratione
1289 1406 1369 1431 rem
1407 1394 1529 1442 ipsam

46 1464 242 1515 cognitam
266 1465 414 1515 habuit,
445 1477 465 1502 e
495 1465 589 1513 51115,
620 1466 662 1502 ut
684 1463 844 1512 saepius
866 1462 918 1511 fit,
949 1461 1101 1500 addidit
1130 1451 1226 1498 κατ’
1248 1456 1420 1498 ἐκεῖνον
1450 1452 1531 1497 τὸν

45 1525 217 1584 καιρόν,
254 1533 308 1570 ita
339 1533 387 1571 ab
419 1532 543 1570 altero
580 1544 652 1581 pro
685 1532 759 1569 hoc
789 1521 903 1567 κατὰ
932 1524 963 1567 ἐ.
994 1541 1030 1566 τ.
1063 1541 1102 1567 κ.
1140 1529 1344 1569 Stratoclis
1376 1529 1531 1567 nomine

46 1601 206 1651 inserto,
243 1613 322 1650 quo
353 1602 538 1650 praetore
571 1599 706 1637 fabula
745 1598 858 1637 docta
890 1601 958 1647 est,
996 1598 1214 1647 posteriore
1245 1599 1421 1646 tempore
1458 1609 1529 1645 pro

48 1664 390 1719 Στρατοκλέους
420 1668 514 1706 vitio
547 1666 704 1717 saepius
735 1667 772 1704 in
801 1666 958 1704 scholiis
990 1666 1193 1703 commisso
1227 1654 1452 1709 Εὐκλέους
1484 1664 1530 1701 ir-

45 1737 184 1788 repsit,
221 1737 328 1787 quod
365 1736 506 1775 deinde
543 1736 581 1773 in
620 1724 865 1772 Εὐκλείδου
905 1736 1132 1782 corruptum
1171 1735 1247 1782 est3
1292 1733 1375 1770 sine
1413 1732 1531 1770 dubio

47 1807 205 1856 praeter
234 1803 511 1854 Thucydidem
543 1803 658 1842 alium
691 1815 768 1841 non
801 1802 1007 1841 consuluit.

161 1882 230 1931 23)
270 1884 415 1923 Scholii
448 1883 578 1933 Equit.
600 1885 679 1922 562
712 1882 761 1920 ad
783 1893 855 1920 nos
877 1881 1076 1930 pertinent
1105 1881 1128 1918 1.
1151 1883 1201 1919 53
1217 1891 1318 1929 sqq.:
1351 1886 1531 1930 στρατη-

47 1946 123 2002 γὸς
160 1949 206 1990 δὲ
242 1941 490 2003 Άθηναίςον
531 1943 864 1994 ναυτικώτατος
905 1944 928 1985 ὁ
959 1943 1168 1998 Φορμίων
1206 1943 1279 1984 καὶ
1314 1939 1532 1991 πολλάκις

48 2010 287 2072 εὐτυχήσας
329 2015 402 2056 καὶ
433 2013 480 2056 ἐν
511 2016 564 2067 τῇ
600 2010 714 2067 πρὸς
745 2012 1120 2065 Λακεδαιμονίους
1150 2008 1262 2065 μάχῃ
1300 2005 1530 2064 κατορθώ-

48 2094 125 2134 σας
161 2078 221 2136 νζ
257 2084 366 2132 ναῦς
403 2082 656 2135 διέφθειρεν
696 2087 734 2123 et
776 2085 904 2133 Equit.
937 2086 1015 2123 565
1054 2083 1075 2120 l.
1106 2085 1142 2121 5.
1181 2085 1203 2120 6
1244 2077 1338 2118 ἐπεὶ
1374 2077 1532 2118 νεωστὶ

50 2144 274 2207 Ἀθηναῖοι
299 2150 559 2205 Φορμίωνος
591 2149 947 2203 στρατηγοῦντος
976 2146 1077 2200 περὶ
1100 2145 1342 2199 ναυμαχίαν
1373 2139 1532 2198 ἠνδρα-

47 2214 263 2275 γάθησαν,
315 2223 486 2272 denique
532 2222 653 2260 schol.
685 2222 776 2258 Pac.
809 2223 888 2259 347
930 2218 995 2265 (cf,
1031 2218 1138 2257 Snid.
1178 2213 1421 2267 Φορμίων),
1467 2216 1531 2254 11101

50 2292 223 2341 quinque
255 2291 377 2330 habes
408 2290 555 2328 scholia
586 2300 714 2338 neque
747 2300 793 2326 ea
823 2287 922 2325 bene
955 2286 1155 2324 distincta:
1194 2286 1210 2322 I
1241 2285 1450 2323 1.15-22
1484 2296 1531 2322 ex

49 2360 213 2398 historia
243 2359 438 2397 adnotans
459 2359 574 2396 haec:
606 2353 774 2407 λέγεται
809 2350 853 2393 δὲ
885 2343 908 2390 ὁ
936 2350 1144 2404 Φορμίων
1167 2350 1337 2403 νικῆσαι
1370 2363 1533 2402 ναυμα-

48 2422 161 2476 χίαις
197 2419 233 2474 β’
270 2421 650 2475 Λακεδαιμοιίους
688 2412 997 2473 στρατηγήσας,
1042 2421 1078 2459 ΙΙ
1110 2421 1133 2458 l.
1164 2422 1338 2460 23—25
1371 2415 1532 2466 (λίθος)

51 2494 186 2533 eadem
228 2506 276 2532 ex
307 2493 471 2533 historia
513 2493 693 2540 afferens,
734 2491 793 2528 III
828 2490 851 2527 1.
880 2491 1053 2528 25—31
1092 2488 1196 2526 solos
1234 2488 1403 2526 comicos
1442 2498 1532 2524 con-

165 2604 210 2645 30)
240 2601 376 2636 Eucles
401 2604 501 2636 recte
525 2599 736 2634 nominatur
760 2598 804 2631 ab
830 2596 1022 2631 Aristotel.
1046 2595 1233 2629 Meteorol.
1257 2594 1284 2637 I,
1307 2598 1326 2628 6
1359 2598 1395 2628 et
1421 2593 1532 2628 schol.

50 2658 165 2703 Vesp.
183 2660 258 2702 240,
292 2657 466 2692 Euclides
491 2667 512 2691 a
534 2656 697 2691 Diodoro
722 2653 805 2697 XII,
830 2657 883 2696 53,
914 2652 1044 2687 Photio
1069 2656 1106 2686 et
1130 2651 1243 2686 Suida
1268 2661 1295 2686 s.
1314 2662 1347 2685 v.
1375 2648 1533 2692 Σαμίων

52 2710 72 2750 ὁ
99 2718 233 2761 δῆμος,
265 2714 481 2750 scholiastes
505 2713 595 2748 Ach.
615 2715 678 2747 270
703 2715 822 2746 autem
847 2709 936 2744 nihil
962 2712 1086 2753 potest
1110 2709 1277 2752 probare,
1307 2710 1347 2742 ut
1371 2706 1535 2751 videbis3

52 2770 98 2807 cf.
123 2770 346 2814 Boeckhius‚
371 2768 668 2805 Staatshaushalt
692 2767 743 2801 ΙΙ2
767 2778 801 2811 p.
824 2769 895 2801 149.
937 2766 1107 2801 Ceterum
1134 2765 1179 2799 de
1205 2764 1271 2799 hoc
1298 2762 1437 2799 scholio
1463 2763 1531 2797 iam

52 2828 129 2873 egit
151 2827 366 2871 Palmerius,
390 2827 412 2861 l.
431 2836 460 2861 a.
486 2837 521 2870 p.
541 2828 615 2859 724.
