<?xml version="1.0" encoding="UTF-8"?>
<!DOCTYPE html PUBLIC "-//W3C//DTD XHTML 1.0 Transitional//EN"
    "http://www.w3.org/TR/xhtml1/DTD/xhtml1-transitional.dtd">
<html xmlns="http://www.w3.org/1999/xhtml" xml:lang="en" lang="en">
 <head>
  <title>
</title>
<meta http-equiv="Content-Type" content="text/html;charset=utf-8" />
  <meta name='ocr-system' content='tesseract 3.04.00' />
  <meta name='ocr-capabilities' content='ocr_page ocr_carea ocr_par ocr_line ocrx_word'/>
</head>
<body>
  <div class='ocr_page' id='page_1' title='image "./deverbisetintran00hilduoft_0262.png"; bbox 0 0 1830 3201; ppageno 0'>
   <div class='ocr_carea' id='block_1_1' title="bbox 275 198 354 235">
    <p class='ocr_par' dir='ltr' id='par_1_1' title="bbox 275 198 354 235">
     <span class='ocr_line' id='line_1_1' title="bbox 275 198 354 235; baseline -0.013 0"><span class='ocrx_word' id='word_1_1' title='bbox 275 198 354 235; x_wconf 81' lang='lat'>254</span> 
     </span>
    </p>
   </div>
   <div class='ocr_carea' id='block_1_2' title="bbox 274 306 1761 2316">
    <p class='ocr_par' dir='ltr' id='par_1_2' title="bbox 274 306 1761 2113">
     <span class='ocr_line' id='line_1_2' title="bbox 275 306 1752 358; baseline 0 -12"><span class='ocrx_word' id='word_1_2' title='bbox 275 309 398 346; x_wconf 88' lang='lat' dir='ltr'>schol.</span> <span class='ocrx_word' id='word_1_3' title='bbox 420 308 516 345; x_wconf 89' lang='lat' dir='ltr'>Ach.</span> <span class='ocrx_word' id='word_1_4' title='bbox 539 310 601 352; x_wconf 72' lang='grc'>88,</span> <span class='ocrx_word' id='word_1_5' title='bbox 634 319 710 345; x_wconf 83' lang='grc'>11011</span> <span class='ocrx_word' id='word_1_6' title='bbox 744 307 1008 355; x_wconf 84' lang='lat' dir='ltr'>„Cleonymus</span> <span class='ocrx_word' id='word_1_7' title='bbox 1031 309 1115 344; x_wconf 89' lang='lat' dir='ltr'>erat</span> <span class='ocrx_word' id='word_1_8' title='bbox 1137 319 1279 357; x_wconf 85' lang='lat' dir='ltr'>magno</span> <span class='ocrx_word' id='word_1_9' title='bbox 1302 319 1465 356; x_wconf 88' lang='lat' dir='ltr'>corpore</span> <span class='ocrx_word' id='word_1_10' title='bbox 1488 311 1526 345; x_wconf 91' lang='lat' dir='ltr'>et</span> <span class='ocrx_word' id='word_1_11' title='bbox 1547 306 1752 358; x_wconf 83' lang='lat' dir='ltr'>ignavus“,</span> 
     </span>
     <span class='ocr_line' id='line_1_3' title="bbox 275 367 1752 424; baseline -0.001 -10"><span class='ocrx_word' id='word_1_12' title='bbox 275 376 343 414; x_wconf 89' lang='lat' dir='ltr'>sed</span> <span class='ocrx_word' id='word_1_13' title='bbox 381 376 643 424; x_wconf 82' lang='lat' dir='ltr'>„Cleonymus</span> <span class='ocrx_word' id='word_1_14' title='bbox 673 373 861 412; x_wconf 87' lang='lat' dir='ltr'>irridetur</span> <span class='ocrx_word' id='word_1_15' title='bbox 899 370 1206 423; x_wconf 71' lang='grc' dir='ltr'>(κωμῳδεῖται,</span> <span class='ocrx_word' id='word_1_16' title='bbox 1238 367 1497 421; x_wconf 72' lang='grc' dir='ltr'><em>σκώπτεται,</em></span> <span class='ocrx_word' id='word_1_17' title='bbox 1529 369 1752 422; x_wconf 79' lang='grc' dir='ltr'><em>διαβάλλε-</em></span> 
     </span>
     <span class='ocr_line' id='line_1_4' title="bbox 274 440 1751 491; baseline 0.001 -12"><span class='ocrx_word' id='word_1_18' title='bbox 274 441 360 489; x_wconf 84' lang='grc' dir='ltr'><em>ται)</em></span> <span class='ocrx_word' id='word_1_19' title='bbox 392 445 433 480; x_wconf 91' lang='lat' dir='ltr'>ut</span> <span class='ocrx_word' id='word_1_20' title='bbox 464 454 604 490; x_wconf 85' lang='lat' dir='ltr'>magno</span> <span class='ocrx_word' id='word_1_21' title='bbox 636 453 800 490; x_wconf 89' lang='lat' dir='ltr'>corpore</span> <span class='ocrx_word' id='word_1_22' title='bbox 832 440 1073 490; x_wconf 73' lang='lat' dir='ltr'>praeditus“,</span> <span class='ocrx_word' id='word_1_23' title='bbox 1106 453 1184 490; x_wconf 86' lang='lat' dir='ltr'>qua</span> <span class='ocrx_word' id='word_1_24' title='bbox 1215 453 1269 491; x_wconf 90' lang='lat' dir='ltr'>re,</span> <span class='ocrx_word' id='word_1_25' title='bbox 1300 454 1387 479; x_wconf 91' lang='lat' dir='ltr'>cum</span> <span class='ocrx_word' id='word_1_26' title='bbox 1419 441 1582 480; x_wconf 86' lang='lat' dir='ltr'>irridere</span> <span class='ocrx_word' id='word_1_27' title='bbox 1615 443 1751 480; x_wconf 86' lang='lat' dir='ltr'>comici</span> 
     </span>
     <span class='ocr_line' id='line_1_5' title="bbox 275 507 1752 559; baseline 0.001 -13"><span class='ocrx_word' id='word_1_28' title='bbox 275 510 333 555; x_wconf 79' lang='lat' dir='ltr'>sit,</span> <span class='ocrx_word' id='word_1_29' title='bbox 370 510 462 546; x_wconf 89' lang='lat' dir='ltr'>satis</span> <span class='ocrx_word' id='word_1_30' title='bbox 493 509 682 558; x_wconf 87' lang='lat' dir='ltr'>probatur</span> <span class='ocrx_word' id='word_1_31' title='bbox 719 520 738 546; x_wconf 89' lang='lat' dir='ltr'>e</span> <span class='ocrx_word' id='word_1_32' title='bbox 771 507 982 546; x_wconf 89' lang='lat' dir='ltr'>comoediis</span> <span class='ocrx_word' id='word_1_33' title='bbox 1015 511 1100 546; x_wconf 89' lang='lat' dir='ltr'>orta</span> <span class='ocrx_word' id='word_1_34' title='bbox 1131 520 1216 547; x_wconf 87' lang='lat' dir='ltr'>esse</span> <span class='ocrx_word' id='word_1_35' title='bbox 1253 521 1354 558; x_wconf 86' lang='lat' dir='ltr'>quae</span> <span class='ocrx_word' id='word_1_36' title='bbox 1386 509 1434 547; x_wconf 89' lang='lat' dir='ltr'>de</span> <span class='ocrx_word' id='word_1_37' title='bbox 1465 509 1679 559; x_wconf 81' lang='lat' dir='ltr'>Cleonymo</span> <span class='ocrx_word' id='word_1_38' title='bbox 1715 514 1752 548; x_wconf 81' lang='lat' dir='ltr'>et</span> 
     </span>
     <span class='ocr_line' id='line_1_6' title="bbox 276 575 1750 626; baseline 0.001 -13"><span class='ocrx_word' id='word_1_39' title='bbox 276 576 462 626; x_wconf 74' lang='lat' dir='ltr'>deinceps</span> <span class='ocrx_word' id='word_1_40' title='bbox 494 576 541 613; x_wconf 90' lang='lat' dir='ltr'>de</span> <span class='ocrx_word' id='word_1_41' title='bbox 572 576 655 613; x_wconf 89' lang='lat' dir='ltr'>aliis</span> <span class='ocrx_word' id='word_1_42' title='bbox 692 578 952 625; x_wconf 78' lang='lat' dir='ltr'>exponantur.</span> <span class='ocrx_word' id='word_1_43' title='bbox 1012 575 1115 622; x_wconf 79' lang='lat' dir='ltr'>Quin</span> <span class='ocrx_word' id='word_1_44' title='bbox 1153 577 1266 614; x_wconf 85' lang='lat' dir='ltr'>etiam</span> <span class='ocrx_word' id='word_1_45' title='bbox 1304 576 1353 614; x_wconf 82' lang='lat' dir='ltr'>ad</span> <span class='ocrx_word' id='word_1_46' title='bbox 1390 576 1633 626; x_wconf 84' lang='lat' dir='ltr'>probandam</span> <span class='ocrx_word' id='word_1_47' title='bbox 1670 590 1750 616; x_wconf 92' lang='lat' dir='ltr'>rem</span> 
     </span>
     <span class='ocr_line' id='line_1_7' title="bbox 276 644 1754 695; baseline 0.001 -13"><span class='ocrx_word' id='word_1_48' title='bbox 276 645 491 692; x_wconf 82' lang='lat' dir='ltr'>expositam</span> <span class='ocrx_word' id='word_1_49' title='bbox 533 644 745 682; x_wconf 81' lang='lat' dir='ltr'>identidem</span> <span class='ocrx_word' id='word_1_50' title='bbox 789 656 927 682; x_wconf 89' lang='lat' dir='ltr'>versus</span> <span class='ocrx_word' id='word_1_51' title='bbox 967 644 1123 693; x_wconf 87' lang='lat' dir='ltr'>quidam</span> <span class='ocrx_word' id='word_1_52' title='bbox 1166 646 1399 683; x_wconf 81' lang='lat' dir='ltr'>comicorum</span> <span class='ocrx_word' id='word_1_53' title='bbox 1441 647 1671 695; x_wconf 84' lang='lat' dir='ltr'>afferuntur,</span> <span class='ocrx_word' id='word_1_54' title='bbox 1711 648 1754 683; x_wconf 88' lang='lat' dir='ltr'>ut</span> 
     </span>
     <span class='ocr_line' id='line_1_8' title="bbox 275 711 1752 760; baseline 0.001 -12"><span class='ocrx_word' id='word_1_55' title='bbox 275 712 393 749; x_wconf 85' lang='lat' dir='ltr'>schol.</span> <span class='ocrx_word' id='word_1_56' title='bbox 421 712 517 749; x_wconf 87' lang='lat' dir='ltr'>Aeh.</span> <span class='ocrx_word' id='word_1_57' title='bbox 549 714 637 750; x_wconf 85' lang='lat'>134.</span> <span class='ocrx_word' id='word_1_58' title='bbox 668 714 764 759; x_wconf 77' lang='lat'>1223</span> <span class='ocrx_word' id='word_1_59' title='bbox 808 713 909 760; x_wconf 81' lang='lat' dir='ltr'>Equ.</span> <span class='ocrx_word' id='word_1_60' title='bbox 937 714 1035 759; x_wconf 80' lang='lat'>5343</span> <span class='ocrx_word' id='word_1_61' title='bbox 1080 713 1183 750; x_wconf 89' lang='lat' dir='ltr'>Nub.</span> <span class='ocrx_word' id='word_1_62' title='bbox 1209 711 1358 759; x_wconf 74' lang='lat'>109¹5).</span> <span class='ocrx_word' id='word_1_63' title='bbox 1386 716 1477 752; x_wconf 84' lang='lat'>333.</span> <span class='ocrx_word' id='word_1_64' title='bbox 1507 715 1598 752; x_wconf 84' lang='lat'>355.</span> <span class='ocrx_word' id='word_1_65' title='bbox 1629 713 1752 752; x_wconf 80' lang='lat'>10013</span> 
     </span>
     <span class='ocr_line' id='line_1_9' title="bbox 276 779 1750 829; baseline 0.002 -13"><span class='ocrx_word' id='word_1_66' title='bbox 276 779 392 828; x_wconf 89' lang='lat' dir='ltr'>Vesp.</span> <span class='ocrx_word' id='word_1_67' title='bbox 415 782 477 818; x_wconf 83' lang='grc'>82.</span> <span class='ocrx_word' id='word_1_68' title='bbox 501 781 591 817; x_wconf 80' lang='lat'>592.</span> <span class='ocrx_word' id='word_1_69' title='bbox 616 781 706 817; x_wconf 88' lang='lat'>787.</span> <span class='ocrx_word' id='word_1_70' title='bbox 731 781 848 828; x_wconf 79' lang='lat'>11873</span> <span class='ocrx_word' id='word_1_71' title='bbox 880 780 951 817; x_wconf 91' lang='lat' dir='ltr'>Av.</span> <span class='ocrx_word' id='word_1_72' title='bbox 971 782 1032 828; x_wconf 81' lang='lat'>113</span> <span class='ocrx_word' id='word_1_73' title='bbox 1062 780 1302 829; x_wconf 84' lang='lat' dir='ltr'>Ran.1036;</span> <span class='ocrx_word' id='word_1_74' title='bbox 1334 781 1440 818; x_wconf 89' lang='lat' dir='ltr'>Eccl.</span> <span class='ocrx_word' id='word_1_75' title='bbox 1459 784 1522 829; x_wconf 77' lang='lat'>713</span> <span class='ocrx_word' id='word_1_76' title='bbox 1552 781 1654 818; x_wconf 88' lang='lat' dir='ltr'>Plut.</span> <span class='ocrx_word' id='word_1_77' title='bbox 1673 783 1750 819; x_wconf 88' lang='lat'>177</span> 
     </span>
     <span class='ocr_line' id='line_1_10' title="bbox 276 848 1754 898; baseline 0 -13"><span class='ocrx_word' id='word_1_78' title='bbox 276 851 341 885; x_wconf 84' lang='lat' dir='ltr'>aut</span> <span class='ocrx_word' id='word_1_79' title='bbox 382 848 522 886; x_wconf 84' lang='lat' dir='ltr'>omisso</span> <span class='ocrx_word' id='word_1_80' title='bbox 560 848 793 885; x_wconf 84' lang='lat' dir='ltr'>comicorum</span> <span class='ocrx_word' id='word_1_81' title='bbox 835 848 1055 886; x_wconf 83' lang='lat' dir='ltr'>testimonio</span> <span class='ocrx_word' id='word_1_82' title='bbox 1099 848 1194 886; x_wconf 90' lang='lat' dir='ltr'>Ach.</span> <span class='ocrx_word' id='word_1_83' title='bbox 1223 851 1286 887; x_wconf 91' lang='grc'>88.</span> <span class='ocrx_word' id='word_1_84' title='bbox 1320 851 1411 888; x_wconf 87' lang='grc'><strong>353.</strong></span> <span class='ocrx_word' id='word_1_85' title='bbox 1444 851 1535 888; x_wconf 86' lang='grc'>388.</span> <span class='ocrx_word' id='word_1_86' title='bbox 1570 851 1668 898; x_wconf 78' lang='grc'>603;</span> <span class='ocrx_word' id='word_1_87' title='bbox 1707 848 1754 885; x_wconf 90' lang='lat' dir='ltr'>cf.</span> 
     </span>
     <span class='ocr_line' id='line_1_11' title="bbox 274 915 1753 965; baseline 0 -13"><span class='ocrx_word' id='word_1_88' title='bbox 274 915 347 952; x_wconf 83' lang='lat' dir='ltr'>Av.</span> <span class='ocrx_word' id='word_1_89' title='bbox 376 918 445 962; x_wconf 70' lang='lat'>313</span> <span class='ocrx_word' id='word_1_90' title='bbox 480 915 576 953; x_wconf 90' lang='lat' dir='ltr'>Ach.</span> <span class='ocrx_word' id='word_1_91' title='bbox 605 917 697 953; x_wconf 88' lang='lat'>839.</span> <span class='ocrx_word' id='word_1_92' title='bbox 724 917 816 953; x_wconf 88' lang='lat'>843.</span> <span class='ocrx_word' id='word_1_93' title='bbox 844 917 936 953; x_wconf 86' lang='lat'>844.</span> <span class='ocrx_word' id='word_1_94' title='bbox 964 918 1056 954; x_wconf 89' lang='lat'>846.</span> <span class='ocrx_word' id='word_1_95' title='bbox 1085 918 1177 954; x_wconf 91' lang='lat'>908.</span> <span class='ocrx_word' id='word_1_96' title='bbox 1203 919 1320 955; x_wconf 82' lang='lat'>1002.</span> <span class='ocrx_word' id='word_1_97' title='bbox 1346 919 1467 961; x_wconf 88' lang='lat'>1116;</span> <span class='ocrx_word' id='word_1_98' title='bbox 1505 917 1632 965; x_wconf 83' lang='lat' dir='ltr'>Equit.</span> <span class='ocrx_word' id='word_1_99' title='bbox 1661 919 1753 955; x_wconf 89' lang='lat'>504.</span> 
     </span>
     <span class='ocr_line' id='line_1_12' title="bbox 278 984 1752 1033; baseline 0 -12"><span class='ocrx_word' id='word_1_100' title='bbox 278 986 367 1021; x_wconf 86' lang='lat'>556.</span> <span class='ocrx_word' id='word_1_101' title='bbox 398 986 488 1021; x_wconf 88' lang='grc'>608.</span> <span class='ocrx_word' id='word_1_102' title='bbox 517 985 607 1021; x_wconf 85' lang='grc'><strong>673.</strong></span> <span class='ocrx_word' id='word_1_103' title='bbox 640 985 731 1021; x_wconf 88' lang='grc'>674.</span> <span class='ocrx_word' id='word_1_104' title='bbox 760 986 851 1021; x_wconf 92' lang='grc'>676.</span> <span class='ocrx_word' id='word_1_105' title='bbox 883 985 976 1021; x_wconf 85' lang='lat'>958.</span> <span class='ocrx_word' id='word_1_106' title='bbox 1005 986 1124 1022; x_wconf 85' lang='lat'>1044.</span> <span class='ocrx_word' id='word_1_107' title='bbox 1154 986 1272 1033; x_wconf 87' lang='lat'>1103,</span> <span class='ocrx_word' id='word_1_108' title='bbox 1304 985 1369 1022; x_wconf 88' lang='lat' dir='ltr'>ubi</span> <span class='ocrx_word' id='word_1_109' title='bbox 1399 985 1480 1022; x_wconf 89' lang='lat' dir='ltr'>sine</span> <span class='ocrx_word' id='word_1_110' title='bbox 1504 984 1623 1022; x_wconf 89' lang='lat' dir='ltr'>dubio</span> <span class='ocrx_word' id='word_1_111' title='bbox 1654 984 1752 1022; x_wconf 90' lang='lat' dir='ltr'>illud</span> 
     </span>
     <span class='ocr_line' id='line_1_13' title="bbox 277 1038 1752 1101; baseline 0.003 -15"><span class='ocrx_word' id='word_1_112' title='bbox 277 1062 434 1099; x_wconf 85' lang='lat' dir='ltr'>quoque</span> <span class='ocrx_word' id='word_1_113' title='bbox 465 1040 518 1099; x_wconf 77' lang='grc' dir='ltr'>ἧν</span> <span class='ocrx_word' id='word_1_114' title='bbox 546 1045 590 1086; x_wconf 76' lang='grc' dir='ltr'>δὲ</span> <span class='ocrx_word' id='word_1_115' title='bbox 622 1038 984 1100; x_wconf 68' lang='grc' dir='ltr'><em>ὖπογραμματεῦς</em></span> <span class='ocrx_word' id='word_1_116' title='bbox 1015 1050 1138 1088; x_wconf 78' lang='lat' dir='ltr'>eidem</span> <span class='ocrx_word' id='word_1_117' title='bbox 1162 1051 1270 1101; x_wconf 74' lang='lat' dir='ltr'>fonti,</span> <span class='ocrx_word' id='word_1_118' title='bbox 1301 1052 1360 1089; x_wconf 89' lang='lat' dir='ltr'>cui</span> <span class='ocrx_word' id='word_1_119' title='bbox 1383 1052 1471 1099; x_wconf 84' lang='lat' dir='ltr'>alia,</span> <span class='ocrx_word' id='word_1_120' title='bbox 1502 1064 1639 1101; x_wconf 85' lang='lat' dir='ltr'>nempe</span> <span class='ocrx_word' id='word_1_121' title='bbox 1671 1053 1752 1090; x_wconf 85' lang='lat' dir='ltr'>sive</span> 
     </span>
     <span class='ocr_line' id='line_1_14' title="bbox 277 1117 1751 1168; baseline 0.002 -14"><span class='ocrx_word' id='word_1_122' title='bbox 277 1118 424 1154; x_wconf 88' lang='lat' dir='ltr'>comico</span> <span class='ocrx_word' id='word_1_123' title='bbox 463 1118 543 1154; x_wconf 85' lang='lat' dir='ltr'>sive</span> <span class='ocrx_word' id='word_1_124' title='bbox 576 1118 818 1166; x_wconf 74' lang='lat' dir='ltr'>grammatici</span> <span class='ocrx_word' id='word_1_125' title='bbox 852 1118 1070 1155; x_wconf 86' lang='lat' dir='ltr'>inventioni</span> <span class='ocrx_word' id='word_1_126' title='bbox 1101 1117 1282 1165; x_wconf 70' lang='lat' dir='ltr'>debetur,</span> <span class='ocrx_word' id='word_1_127' title='bbox 1323 1118 1453 1166; x_wconf 86' lang='lat' dir='ltr'>Equit.</span> <span class='ocrx_word' id='word_1_128' title='bbox 1478 1121 1595 1157; x_wconf 81' lang='grc'>1268.</span> <span class='ocrx_word' id='word_1_129' title='bbox 1629 1120 1751 1168; x_wconf 83' lang='grc'>1293;</span> 
     </span>
     <span class='ocr_line' id='line_1_15' title="bbox 278 1185 1753 1234; baseline 0.002 -13"><span class='ocrx_word' id='word_1_130' title='bbox 278 1185 393 1233; x_wconf 87' lang='lat' dir='ltr'>Vesp.</span> <span class='ocrx_word' id='word_1_131' title='bbox 418 1186 480 1222; x_wconf 88' lang='lat'>19.</span> <span class='ocrx_word' id='word_1_132' title='bbox 502 1187 566 1223; x_wconf 79' lang='grc'>26.</span> <span class='ocrx_word' id='word_1_133' title='bbox 587 1187 658 1232; x_wconf 76' lang='grc'>42;</span> <span class='ocrx_word' id='word_1_134' title='bbox 689 1185 777 1221; x_wconf 90' lang='lat' dir='ltr'>Pae.</span> <span class='ocrx_word' id='word_1_135' title='bbox 801 1187 897 1233; x_wconf 81' lang='lat'>3943</span> <span class='ocrx_word' id='word_1_136' title='bbox 929 1185 1022 1234; x_wconf 86' lang='lat' dir='ltr'>Lys.</span> <span class='ocrx_word' id='word_1_137' title='bbox 1048 1187 1143 1234; x_wconf 75' lang='lat'>1033</span> <span class='ocrx_word' id='word_1_138' title='bbox 1175 1186 1331 1223; x_wconf 87' lang='lat' dir='ltr'>Thesm.</span> <span class='ocrx_word' id='word_1_139' title='bbox 1355 1189 1452 1229; x_wconf 75' lang='lat'>2733</span> <span class='ocrx_word' id='word_1_140' title='bbox 1484 1187 1580 1224; x_wconf 85' lang='lat' dir='ltr'>Rau.</span> <span class='ocrx_word' id='word_1_141' title='bbox 1605 1189 1667 1224; x_wconf 92' lang='lat'>14.</span> <span class='ocrx_word' id='word_1_142' title='bbox 1688 1189 1753 1225; x_wconf 90' lang='lat'>48.</span> 
     </span>
     <span class='ocr_line' id='line_1_16' title="bbox 276 1251 1761 1301; baseline 0.003 -13"><span class='ocrx_word' id='word_1_143' title='bbox 276 1251 580 1289; x_wconf 79' lang='lat' dir='ltr'>Innumerabilia</span> <span class='ocrx_word' id='word_1_144' title='bbox 610 1253 687 1289; x_wconf 84' lang='lat' dir='ltr'>alia</span> <span class='ocrx_word' id='word_1_145' title='bbox 718 1252 897 1301; x_wconf 84' lang='lat' dir='ltr'>exempla</span> <span class='ocrx_word' id='word_1_146' title='bbox 928 1256 1093 1301; x_wconf 78' lang='lat' dir='ltr'>possunt</span> <span class='ocrx_word' id='word_1_147' title='bbox 1124 1253 1303 1301; x_wconf 81' lang='lat' dir='ltr'>proferri,</span> <span class='ocrx_word' id='word_1_148' title='bbox 1335 1253 1402 1291; x_wconf 88' lang='lat' dir='ltr'>sed</span> <span class='ocrx_word' id='word_1_149' title='bbox 1436 1254 1532 1291; x_wconf 87' lang='lat' dir='ltr'>haec</span> <span class='ocrx_word' id='word_1_150' title='bbox 1554 1253 1761 1301; x_wconf 86' lang='lat' dir='ltr'>sufficiant</span> 
     </span>
     <span class='ocr_line' id='line_1_17' title="bbox 277 1319 1752 1370; baseline 0.002 -14"><span class='ocrx_word' id='word_1_151' title='bbox 277 1320 324 1356; x_wconf 88' lang='lat' dir='ltr'>ad</span> <span class='ocrx_word' id='word_1_152' title='bbox 356 1319 600 1368; x_wconf 83' lang='lat' dir='ltr'>probandum</span> <span class='ocrx_word' id='word_1_153' title='bbox 633 1320 763 1357; x_wconf 83' lang='lat' dir='ltr'>omnia</span> <span class='ocrx_word' id='word_1_154' title='bbox 794 1332 894 1368; x_wconf 87' lang='lat' dir='ltr'>quae</span> <span class='ocrx_word' id='word_1_155' title='bbox 928 1320 975 1358; x_wconf 88' lang='lat' dir='ltr'>de</span> <span class='ocrx_word' id='word_1_156' title='bbox 1008 1321 1188 1369; x_wconf 86' lang='lat' dir='ltr'>personis</span> <span class='ocrx_word' id='word_1_157' title='bbox 1219 1324 1359 1370; x_wconf 76' lang='lat' dir='ltr'>poetae</span> <span class='ocrx_word' id='word_1_158' title='bbox 1390 1321 1631 1370; x_wconf 83' lang='lat' dir='ltr'>aequalibus,</span> <span class='ocrx_word' id='word_1_159' title='bbox 1661 1322 1752 1359; x_wconf 89' lang='lat' dir='ltr'>alio-</span> 
     </span>
     <span class='ocr_line' id='line_1_18' title="bbox 278 1387 1752 1435; baseline 0.002 -11"><span class='ocrx_word' id='word_1_160' title='bbox 278 1387 369 1435; x_wconf 87' lang='lat' dir='ltr'>quin</span> <span class='ocrx_word' id='word_1_161' title='bbox 404 1387 590 1432; x_wconf 79' lang='lat' dir='ltr'>obscuris,</span> <span class='ocrx_word' id='word_1_162' title='bbox 622 1388 837 1425; x_wconf 78' lang='lat' dir='ltr'>afferantur</span> <span class='ocrx_word' id='word_1_163' title='bbox 868 1400 888 1424; x_wconf 92' lang='lat' dir='ltr'>e</span> <span class='ocrx_word' id='word_1_164' title='bbox 911 1387 1120 1425; x_wconf 86' lang='lat' dir='ltr'>comoediis</span> <span class='ocrx_word' id='word_1_165' title='bbox 1153 1389 1290 1425; x_wconf 84' lang='lat' dir='ltr'>hausta.</span> <span class='ocrx_word' id='word_1_166' title='bbox 1321 1400 1418 1426; x_wconf 87' lang='lat' dir='ltr'>esse.</span> <span class='ocrx_word' id='word_1_167' title='bbox 1478 1390 1529 1427; x_wconf 91' lang='lat' dir='ltr'>Ut</span> <span class='ocrx_word' id='word_1_168' title='bbox 1559 1389 1659 1426; x_wconf 91' lang='lat' dir='ltr'>enim</span> <span class='ocrx_word' id='word_1_169' title='bbox 1692 1401 1752 1427; x_wconf 85' lang='lat' dir='ltr'>co-</span> 
     </span>
     <span class='ocr_line' id='line_1_19' title="bbox 277 1454 1753 1504; baseline 0.002 -13"><span class='ocrx_word' id='word_1_170' title='bbox 277 1455 463 1491; x_wconf 87' lang='lat' dir='ltr'>micorum</span> <span class='ocrx_word' id='word_1_171' title='bbox 495 1454 630 1504; x_wconf 85' lang='lat' dir='ltr'>verba,</span> <span class='ocrx_word' id='word_1_172' title='bbox 666 1467 767 1504; x_wconf 88' lang='lat' dir='ltr'>quae</span> <span class='ocrx_word' id='word_1_173' title='bbox 805 1455 1026 1492; x_wconf 87' lang='lat' dir='ltr'>testimonio</span> <span class='ocrx_word' id='word_1_174' title='bbox 1064 1459 1177 1493; x_wconf 84' lang='lat' dir='ltr'>erant</span> <span class='ocrx_word' id='word_1_175' title='bbox 1214 1456 1308 1493; x_wconf 81' lang='lat' dir='ltr'>vitio</span> <span class='ocrx_word' id='word_1_176' title='bbox 1346 1456 1461 1493; x_wconf 87' lang='lat' dir='ltr'>alicui</span> <span class='ocrx_word' id='word_1_177' title='bbox 1499 1457 1581 1493; x_wconf 87' lang='lat' dir='ltr'>sive</span> <span class='ocrx_word' id='word_1_178' title='bbox 1617 1457 1753 1494; x_wconf 83' lang='lat' dir='ltr'>virtuti</span> 
     </span>
     <span class='ocr_line' id='line_1_20' title="bbox 277 1522 1754 1573; baseline 0.002 -14"><span class='ocrx_word' id='word_1_179' title='bbox 277 1523 442 1560; x_wconf 88' lang='lat' dir='ltr'>hominis</span> <span class='ocrx_word' id='word_1_180' title='bbox 473 1522 673 1560; x_wconf 83' lang='lat' dir='ltr'>cuiusdam</span> <span class='ocrx_word' id='word_1_181' title='bbox 705 1522 944 1572; x_wconf 81' lang='lat' dir='ltr'>probandae,</span> <span class='ocrx_word' id='word_1_182' title='bbox 979 1535 1171 1572; x_wconf 84' lang='lat' dir='ltr'>persaepe</span> <span class='ocrx_word' id='word_1_183' title='bbox 1202 1525 1345 1561; x_wconf 87' lang='lat' dir='ltr'>omissa</span> <span class='ocrx_word' id='word_1_184' title='bbox 1376 1527 1477 1573; x_wconf 87' lang='lat' dir='ltr'>sunt,</span> <span class='ocrx_word' id='word_1_185' title='bbox 1514 1525 1568 1562; x_wconf 85' lang='lat' dir='ltr'>ita</span> <span class='ocrx_word' id='word_1_186' title='bbox 1598 1524 1754 1562; x_wconf 84' lang='lat' dir='ltr'>scholiis</span> 
     </span>
     <span class='ocr_line' id='line_1_21' title="bbox 275 1588 1748 1642; baseline 0.003 -15"><span class='ocrx_word' id='word_1_187' title='bbox 275 1590 398 1638; x_wconf 82' lang='lat' dir='ltr'>magis</span> <span class='ocrx_word' id='word_1_188' title='bbox 430 1592 601 1639; x_wconf 80' lang='lat' dir='ltr'>magisve</span> <span class='ocrx_word' id='word_1_189' title='bbox 632 1591 670 1628; x_wconf 87' lang='lat' dir='ltr'>in</span> <span class='ocrx_word' id='word_1_190' title='bbox 698 1591 854 1628; x_wconf 83' lang='lat' dir='ltr'>brevius</span> <span class='ocrx_word' id='word_1_191' title='bbox 886 1592 1096 1629; x_wconf 87' lang='lat' dir='ltr'>contractis</span> <span class='ocrx_word' id='word_1_192' title='bbox 1128 1592 1224 1629; x_wconf 89' lang='lat' dir='ltr'>illud</span> <span class='ocrx_word' id='word_1_193' title='bbox 1246 1588 1522 1642; x_wconf 74' lang='grc' dir='ltr'><em>κωμῳδεῖται</em></span> <span class='ocrx_word' id='word_1_194' title='bbox 1544 1595 1615 1630; x_wconf 91' lang='lat' dir='ltr'>etc.</span> <span class='ocrx_word' id='word_1_195' title='bbox 1647 1605 1748 1631; x_wconf 91' lang='lat' dir='ltr'>com·</span> 
     </span>
     <span class='ocr_line' id='line_1_22' title="bbox 276 1651 1751 1709; baseline 0.002 -14"><span class='ocrx_word' id='word_1_196' title='bbox 276 1661 463 1695; x_wconf 79' lang='lat' dir='ltr'>mutatum</span> <span class='ocrx_word' id='word_1_197' title='bbox 497 1662 555 1696; x_wconf 84' lang='lat' dir='ltr'>est</span> <span class='ocrx_word' id='word_1_198' title='bbox 586 1659 623 1696; x_wconf 89' lang='lat' dir='ltr'>in</span> <span class='ocrx_word' id='word_1_199' title='bbox 656 1651 746 1695; x_wconf 73' lang='grc' dir='ltr'><em>ἔστι</em></span> <span class='ocrx_word' id='word_1_200' title='bbox 777 1659 863 1696; x_wconf 85' lang='lat' dir='ltr'>talis</span> <span class='ocrx_word' id='word_1_201' title='bbox 886 1663 924 1696; x_wconf 88' lang='lat' dir='ltr'>et</span> <span class='ocrx_word' id='word_1_202' title='bbox 946 1660 1044 1708; x_wconf 86' lang='lat' dir='ltr'>talis,</span> <span class='ocrx_word' id='word_1_203' title='bbox 1078 1663 1128 1707; x_wconf 87' lang='lat' dir='ltr'>ut,</span> <span class='ocrx_word' id='word_1_204' title='bbox 1161 1660 1192 1697; x_wconf 89' lang='lat' dir='ltr'>si</span> <span class='ocrx_word' id='word_1_205' title='bbox 1224 1660 1390 1709; x_wconf 80' lang='lat' dir='ltr'>exempli</span> <span class='ocrx_word' id='word_1_206' title='bbox 1423 1673 1541 1698; x_wconf 87' lang='lat' dir='ltr'>causa</span> <span class='ocrx_word' id='word_1_207' title='bbox 1570 1660 1609 1698; x_wconf 93' lang='lat' dir='ltr'>in</span> <span class='ocrx_word' id='word_1_208' title='bbox 1632 1661 1751 1698; x_wconf 89' lang='lat' dir='ltr'>schol.</span> 
     </span>
     <span class='ocr_line' id='line_1_23' title="bbox 276 1725 1753 1775; baseline 0.002 -13"><span class='ocrx_word' id='word_1_209' title='bbox 276 1725 370 1762; x_wconf 66' lang='lat' dir='ltr'>Aah.</span> <span class='ocrx_word' id='word_1_210' title='bbox 402 1728 482 1763; x_wconf 89' lang='grc'>710</span> <span class='ocrx_word' id='word_1_211' title='bbox 521 1725 605 1763; x_wconf 82' lang='lat' dir='ltr'>sola</span> <span class='ocrx_word' id='word_1_212' title='bbox 646 1725 729 1763; x_wconf 88' lang='lat' dir='ltr'>cod.</span> <span class='ocrx_word' id='word_1_213' title='bbox 761 1726 793 1762; x_wconf 81' lang='lat' dir='ltr'><strong>R</strong></span> <span class='ocrx_word' id='word_1_214' title='bbox 826 1727 1056 1764; x_wconf 83' lang='lat' dir='ltr'>auctoritate</span> <span class='ocrx_word' id='word_1_215' title='bbox 1096 1727 1319 1775; x_wconf 72' lang='lat' dir='ltr'>niteremur,</span> <span class='ocrx_word' id='word_1_216' title='bbox 1361 1728 1607 1775; x_wconf 85' lang='lat' dir='ltr'>miraremur,</span> <span class='ocrx_word' id='word_1_217' title='bbox 1648 1727 1753 1765; x_wconf 88' lang='lat' dir='ltr'>unde</span> 
     </span>
     <span class='ocr_line' id='line_1_24' title="bbox 276 1793 1753 1845; baseline 0.002 -15"><span class='ocrx_word' id='word_1_218' title='bbox 276 1796 468 1830; x_wconf 84' lang='lat' dir='ltr'>terrarum</span> <span class='ocrx_word' id='word_1_219' title='bbox 501 1793 729 1830; x_wconf 78' lang='lat' dir='ltr'>scholiastes</span> <span class='ocrx_word' id='word_1_220' title='bbox 761 1793 956 1831; x_wconf 84' lang='lat' dir='ltr'>hausisset</span> <span class='ocrx_word' id='word_1_221' title='bbox 987 1794 1196 1832; x_wconf 81' lang='lat' dir='ltr'>Euathlum</span> <span class='ocrx_word' id='word_1_222' title='bbox 1229 1794 1347 1832; x_wconf 87' lang='lat' dir='ltr'>fuisse</span> <span class='ocrx_word' id='word_1_223' title='bbox 1379 1797 1572 1833; x_wconf 86' lang='lat' dir='ltr'>oratorem</span> <span class='ocrx_word' id='word_1_224' title='bbox 1595 1796 1753 1845; x_wconf 71' lang='lat' dir='ltr'>malum,</span> 
     </span>
     <span class='ocr_line' id='line_1_25' title="bbox 277 1860 1751 1911; baseline 0.003 -15"><span class='ocrx_word' id='word_1_225' title='bbox 277 1872 381 1897; x_wconf 86' lang='lat' dir='ltr'>nunc</span> <span class='ocrx_word' id='word_1_226' title='bbox 419 1873 439 1897; x_wconf 91' lang='lat' dir='ltr'>e</span> <span class='ocrx_word' id='word_1_227' title='bbox 477 1860 617 1898; x_wconf 86' lang='lat' dir='ltr'>cod.V</span> <span class='ocrx_word' id='word_1_228' title='bbox 648 1860 814 1909; x_wconf 90' lang='lat' dir='ltr'>aliisque</span> <span class='ocrx_word' id='word_1_229' title='bbox 852 1861 1027 1899; x_wconf 85' lang='lat' dir='ltr'>videmus</span> <span class='ocrx_word' id='word_1_230' title='bbox 1067 1862 1345 1911; x_wconf 87' lang='lat' dir='ltr'>Aristophanis</span> <span class='ocrx_word' id='word_1_231' title='bbox 1380 1862 1624 1900; x_wconf 88' lang='lat' dir='ltr'>Holcadibus</span> <span class='ocrx_word' id='word_1_232' title='bbox 1665 1875 1751 1900; x_wconf 93' lang='lat' dir='ltr'>eum</span> 
     </span>
     <span class='ocr_line' id='line_1_26' title="bbox 276 1928 1751 1978; baseline 0.002 -14"><span class='ocrx_word' id='word_1_233' title='bbox 276 1928 325 1965; x_wconf 86' lang='lat' dir='ltr'>de</span> <span class='ocrx_word' id='word_1_234' title='bbox 357 1928 430 1966; x_wconf 86' lang='lat' dir='ltr'>hac</span> <span class='ocrx_word' id='word_1_235' title='bbox 460 1940 501 1965; x_wconf 89' lang='lat' dir='ltr'>re</span> <span class='ocrx_word' id='word_1_236' title='bbox 534 1928 738 1965; x_wconf 85' lang='lat' dir='ltr'>certiorem</span> <span class='ocrx_word' id='word_1_237' title='bbox 772 1928 916 1966; x_wconf 87' lang='lat' dir='ltr'>factum</span> <span class='ocrx_word' id='word_1_238' title='bbox 951 1941 1047 1977; x_wconf 88' lang='lat' dir='ltr'>esse,</span> <span class='ocrx_word' id='word_1_239' title='bbox 1079 1933 1146 1966; x_wconf 85' lang='lat' dir='ltr'>aut</span> <span class='ocrx_word' id='word_1_240' title='bbox 1176 1930 1277 1967; x_wconf 90' lang='lat' dir='ltr'>Plut.</span> <span class='ocrx_word' id='word_1_241' title='bbox 1300 1932 1392 1978; x_wconf 83' lang='lat'>303,</span> <span class='ocrx_word' id='word_1_242' title='bbox 1423 1930 1487 1967; x_wconf 92' lang='lat' dir='ltr'>ubi</span> <span class='ocrx_word' id='word_1_243' title='bbox 1509 1930 1622 1967; x_wconf 83' lang='lat' dir='ltr'>affert</span> <span class='ocrx_word' id='word_1_244' title='bbox 1643 1931 1751 1968; x_wconf 91' lang='lat' dir='ltr'>scho-</span> 
     </span>
     <span class='ocr_line' id='line_1_27' title="bbox 276 1990 1752 2047; baseline 0.002 -16"><span class='ocrx_word' id='word_1_245' title='bbox 276 1995 408 2033; x_wconf 82' lang='lat' dir='ltr'>liastes</span> <span class='ocrx_word' id='word_1_246' title='bbox 445 1995 467 2032; x_wconf 94' lang='lat' dir='ltr'>l.</span> <span class='ocrx_word' id='word_1_247' title='bbox 496 1998 547 2033; x_wconf 80' lang='lat'>24</span> <span class='ocrx_word' id='word_1_248' title='bbox 584 1991 653 2031; x_wconf 79' lang='grc' dir='ltr'>καὶ</span> <span class='ocrx_word' id='word_1_249' title='bbox 687 1993 826 2031; x_wconf 78' lang='grc' dir='ltr'><em>ταῦτα</em></span> <span class='ocrx_word' id='word_1_250' title='bbox 864 1991 923 2040; x_wconf 56' lang='grc' dir='ltr'>εἰς</span> <span class='ocrx_word' id='word_1_251' title='bbox 958 1993 1207 2047; x_wconf 72' lang='grc' dir='ltr'><em>Φιλωνίδην</em></span> <span class='ocrx_word' id='word_1_252' title='bbox 1243 1990 1323 2034; x_wconf 70' lang='grc' dir='ltr'>τὸν</span> <span class='ocrx_word' id='word_1_253' title='bbox 1353 1992 1542 2034; x_wconf 69' lang='grc' dir='ltr'><em>Μελιτέα</em></span> <span class='ocrx_word' id='word_1_254' title='bbox 1579 1996 1685 2044; x_wconf 73' lang='grc' dir='ltr'>κτλ,</span> <span class='ocrx_word' id='word_1_255' title='bbox 1721 1997 1752 2034; x_wconf 89' lang='lat' dir='ltr'>si</span> 
     </span>
     <span class='ocr_line' id='line_1_28' title="bbox 277 2062 1215 2113; baseline 0 -13"><span class='ocrx_word' id='word_1_256' title='bbox 277 2063 430 2100; x_wconf 82' lang='lat' dir='ltr'>deesset</span> <span class='ocrx_word' id='word_1_257' title='bbox 460 2062 691 2100; x_wconf 83' lang='lat' dir='ltr'>Nicoeharis</span> <span class='ocrx_word' id='word_1_258' title='bbox 719 2062 906 2101; x_wconf 85' lang='lat' dir='ltr'>Galateae</span> <span class='ocrx_word' id='word_1_259' title='bbox 939 2063 1215 2113; x_wconf 79' lang='lat' dir='ltr'>fragmentum:</span> 
     </span>
    </p>

    <p class='ocr_par' dir='ltr' id='par_1_3' title="bbox 544 2119 1419 2180">
     <span class='ocr_line' id='line_1_29' title="bbox 544 2119 1419 2180; baseline 0.002 -14"><span class='ocrx_word' id='word_1_260' title='bbox 544 2125 585 2166; x_wconf 83' lang='grc' dir='ltr'>τί</span> <span class='ocrx_word' id='word_1_261' title='bbox 617 2119 723 2178; x_wconf 69' lang='grc' dir='ltr'><em>δῆτ’,·</em></span> <span class='ocrx_word' id='word_1_262' title='bbox 755 2121 1069 2180; x_wconf 67' lang='grc' dir='ltr'>ιῖπαιδεύτερος</span> <span class='ocrx_word' id='word_1_263' title='bbox 1102 2123 1141 2168; x_wconf 63' lang='grc' dir='ltr'>εἷ</span> <span class='ocrx_word' id='word_1_264' title='bbox 1169 2126 1419 2169; x_wconf 72' lang='grc' dir='ltr'><em>Φιλωνίδου</em></span> 
     </span>
    </p>

    <p class='ocr_par' dir='ltr' id='par_1_4' title="bbox 278 2193 1754 2316">
     <span class='ocr_line' id='line_1_30' title="bbox 543 2193 1738 2249; baseline 0.004 -16"><span class='ocrx_word' id='word_1_265' title='bbox 543 2195 623 2233; x_wconf 79' lang='grc' dir='ltr'>τοῦ</span> <span class='ocrx_word' id='word_1_266' title='bbox 644 2193 867 2242; x_wconf 63' lang='grc' dir='ltr'><em>,Μελιτέως</em></span> <span class='ocrx_word' id='word_1_267' title='bbox 895 2197 960 2244; x_wconf 85' lang='lat' dir='ltr'>(cf.</span> <span class='ocrx_word' id='word_1_268' title='bbox 978 2199 1093 2236; x_wconf 89' lang='lat' dir='ltr'>Mein.</span> <span class='ocrx_word' id='word_1_269' title='bbox 1110 2199 1146 2236; x_wconf 97' lang='lat' dir='ltr'>II</span> <span class='ocrx_word' id='word_1_270' title='bbox 1168 2212 1204 2248; x_wconf 91' lang='lat' dir='ltr'>p.</span> <span class='ocrx_word' id='word_1_271' title='bbox 1222 2201 1302 2238; x_wconf 79' lang='grc'>843</span> <span class='ocrx_word' id='word_1_272' title='bbox 1320 2215 1373 2228; x_wconf 88' lang='lat'><strong><em>=</em></strong></span> <span class='ocrx_word' id='word_1_273' title='bbox 1392 2198 1517 2237; x_wconf 87' lang='lat' dir='ltr'>Kock.</span> <span class='ocrx_word' id='word_1_274' title='bbox 1538 2200 1552 2236; x_wconf 97' lang='grc' dir='ltr'>Ι</span> <span class='ocrx_word' id='word_1_275' title='bbox 1575 2212 1610 2248; x_wconf 92' lang='lat' dir='ltr'>p.</span> <span class='ocrx_word' id='word_1_276' title='bbox 1630 2198 1738 2249; x_wconf 87' lang='lat'>791),</span> 
     </span>
     <span class='ocr_line' id='line_1_31' title="bbox 278 2263 1754 2316; baseline 0.004 -17"><span class='ocrx_word' id='word_1_277' title='bbox 278 2276 300 2299; x_wconf 79' lang='lat' dir='ltr'>a</span> <span class='ocrx_word' id='word_1_278' title='bbox 321 2276 398 2311; x_wconf 80' lang='lat' dir='ltr'>quo</span> <span class='ocrx_word' id='word_1_279' title='bbox 421 2263 577 2301; x_wconf 85' lang='lat' dir='ltr'>tandem</span> <span class='ocrx_word' id='word_1_280' title='bbox 602 2265 799 2314; x_wconf 88' lang='lat' dir='ltr'>historico,</span> <span class='ocrx_word' id='word_1_281' title='bbox 830 2278 849 2303; x_wconf 93' lang='lat' dir='ltr'>e</span> <span class='ocrx_word' id='word_1_282' title='bbox 872 2278 950 2314; x_wconf 90' lang='lat' dir='ltr'>qua</span> <span class='ocrx_word' id='word_1_283' title='bbox 978 2266 1079 2304; x_wconf 89' lang='lat' dir='ltr'>illius</span> <span class='ocrx_word' id='word_1_284' title='bbox 1106 2266 1271 2304; x_wconf 89' lang='lat' dir='ltr'>hominis</span> <span class='ocrx_word' id='word_1_285' title='bbox 1292 2267 1370 2304; x_wconf 83' lang='lat' dir='ltr'>vita</span> <span class='ocrx_word' id='word_1_286' title='bbox 1401 2266 1497 2304; x_wconf 84' lang='lat' dir='ltr'>hacc</span> <span class='ocrx_word' id='word_1_287' title='bbox 1525 2267 1754 2316; x_wconf 79' lang='lat' dir='ltr'>sumpsisset</span> 
     </span>
    </p>
   </div>
   <div class='ocr_carea' id='block_1_3' title="bbox 279 2371 1754 2864">
    <p class='ocr_par' dir='ltr' id='par_1_5' title="bbox 279 2371 1754 2864">
     <span class='ocr_line' id='line_1_32' title="bbox 399 2371 1753 2416; baseline 0.001 -12"><span class='ocrx_word' id='word_1_288' title='bbox 399 2372 440 2414; x_wconf 66' lang='grc'>15)</span> <span class='ocrx_word' id='word_1_289' title='bbox 472 2371 593 2405; x_wconf 84' lang='lat' dir='ltr'>Habes</span> <span class='ocrx_word' id='word_1_290' title='bbox 617 2371 674 2405; x_wconf 90' lang='lat' dir='ltr'>hic</span> <span class='ocrx_word' id='word_1_291' title='bbox 699 2371 837 2406; x_wconf 83' lang='lat' dir='ltr'>scholia</span> <span class='ocrx_word' id='word_1_292' title='bbox 855 2376 1027 2415; x_wconf 84' lang='lat' dir='ltr'>quattuor</span> <span class='ocrx_word' id='word_1_293' title='bbox 1045 2373 1210 2407; x_wconf 89' lang='lat' dir='ltr'>codicum</span> <span class='ocrx_word' id='word_1_294' title='bbox 1237 2376 1380 2416; x_wconf 81' lang='lat' dir='ltr'>praeter</span> <span class='ocrx_word' id='word_1_295' title='bbox 1397 2372 1475 2406; x_wconf 87' lang='lat' dir='ltr'>RV:</span> <span class='ocrx_word' id='word_1_296' title='bbox 1500 2373 1516 2406; x_wconf 93' lang='lat' dir='ltr'>I</span> <span class='ocrx_word' id='word_1_297' title='bbox 1538 2373 1707 2408; x_wconf 33' lang='grc'>1.·’18-41.</span> <span class='ocrx_word' id='word_1_298' title='bbox 1722 2375 1753 2416; x_wconf 85' lang='grc'>5,</span> 
     </span>
     <span class='ocr_line' id='line_1_33' title="bbox 280 2427 1754 2473; baseline 0.002 -14"><span class='ocrx_word' id='word_1_299' title='bbox 280 2427 313 2459; x_wconf 90' lang='lat' dir='ltr'>ll</span> <span class='ocrx_word' id='word_1_300' title='bbox 339 2427 505 2466; x_wconf 48' lang='grc' dir='ltr'>[ζμ-11),</span> <span class='ocrx_word' id='word_1_301' title='bbox 540 2427 665 2461; x_wconf 90' lang='lat' dir='ltr'>cod.V</span> <span class='ocrx_word' id='word_1_302' title='bbox 683 2427 732 2460; x_wconf 89' lang='lat' dir='ltr'>HI</span> <span class='ocrx_word' id='word_1_303' title='bbox 759 2428 778 2462; x_wconf 95' lang='lat' dir='ltr'>l.</span> <span class='ocrx_word' id='word_1_304' title='bbox 801 2431 952 2470; x_wconf 36' lang='lat' dir='ltr'>losslss,</span> <span class='ocrx_word' id='word_1_305' title='bbox 987 2429 1018 2462; x_wconf 79' lang='lat' dir='ltr'>R</span> <span class='ocrx_word' id='word_1_306' title='bbox 1037 2428 1088 2462; x_wconf 90' lang='lat' dir='ltr'>IV</span> <span class='ocrx_word' id='word_1_307' title='bbox 1107 2429 1128 2463; x_wconf 89' lang='grc'>1.</span> <span class='ocrx_word' id='word_1_308' title='bbox 1150 2432 1303 2471; x_wconf 81' lang='lat'>16—20,</span> <span class='ocrx_word' id='word_1_309' title='bbox 1336 2439 1354 2462; x_wconf 92' lang='lat' dir='ltr'>e</span> <span class='ocrx_word' id='word_1_310' title='bbox 1379 2429 1515 2472; x_wconf 86' lang='lat' dir='ltr'>quibus</span> <span class='ocrx_word' id='word_1_311' title='bbox 1546 2429 1684 2473; x_wconf 88' lang='lat' dir='ltr'>optime</span> <span class='ocrx_word' id='word_1_312' title='bbox 1717 2433 1754 2462; x_wconf 90' lang='lat' dir='ltr'>et</span> 
     </span>
     <span class='ocr_line' id='line_1_34' title="bbox 279 2484 1750 2529; baseline 0.002 -13"><span class='ocrx_word' id='word_1_313' title='bbox 279 2484 430 2517; x_wconf 72' lang='lat' dir='ltr'>maxime</span> <span class='ocrx_word' id='word_1_314' title='bbox 448 2484 605 2526; x_wconf 86' lang='lat' dir='ltr'>genuine</span> <span class='ocrx_word' id='word_1_315' title='bbox 624 2484 772 2529; x_wconf 86' lang='lat' dir='ltr'>Didymi</span> <span class='ocrx_word' id='word_1_316' title='bbox 800 2485 860 2526; x_wconf 82' lang='lat' dir='ltr'>(cf.</span> <span class='ocrx_word' id='word_1_317' title='bbox 888 2496 922 2528; x_wconf 88' lang='lat' dir='ltr'>p.</span> <span class='ocrx_word' id='word_1_318' title='bbox 940 2487 1020 2527; x_wconf 75' lang='lat'><strong>232)</strong></span> <span class='ocrx_word' id='word_1_319' title='bbox 1046 2486 1158 2519; x_wconf 79' lang='lat' dir='ltr'>verba</span> <span class='ocrx_word' id='word_1_320' title='bbox 1188 2485 1309 2519; x_wconf 86' lang='lat' dir='ltr'>reddit</span> <span class='ocrx_word' id='word_1_321' title='bbox 1338 2485 1449 2519; x_wconf 90' lang='lat' dir='ltr'>schol.</span> <span class='ocrx_word' id='word_1_322' title='bbox 1467 2485 1483 2518; x_wconf 95' lang='grc' dir='ltr'>Ι</span> <span class='ocrx_word' id='word_1_323' title='bbox 1508 2485 1673 2520; x_wconf 89' lang='lat' dir='ltr'>codicum</span> <span class='ocrx_word' id='word_1_324' title='bbox 1697 2495 1750 2519; x_wconf 87' lang='lat' dir='ltr'>re-</span> 
     </span>
     <span class='ocr_line' id='line_1_35' title="bbox 279 2540 1750 2585; baseline 0.001 -13"><span class='ocrx_word' id='word_1_325' title='bbox 279 2540 492 2583; x_wconf 85' lang='lat' dir='ltr'>centiorum,</span> <span class='ocrx_word' id='word_1_326' title='bbox 518 2540 575 2573; x_wconf 89' lang='lat' dir='ltr'>cui</span> <span class='ocrx_word' id='word_1_327' title='bbox 601 2541 763 2583; x_wconf 78' lang='lat' dir='ltr'>proxime</span> <span class='ocrx_word' id='word_1_328' title='bbox 788 2541 929 2575; x_wconf 86' lang='lat' dir='ltr'>accedit</span> <span class='ocrx_word' id='word_1_329' title='bbox 954 2542 1034 2575; x_wconf 90' lang='lat' dir='ltr'>cod.</span> <span class='ocrx_word' id='word_1_330' title='bbox 1052 2541 1084 2574; x_wconf 78' lang='lat' dir='ltr'>R</span> <span class='ocrx_word' id='word_1_331' title='bbox 1109 2541 1293 2575; x_wconf 87' lang='lat' dir='ltr'>scholium.</span> <span class='ocrx_word' id='word_1_332' title='bbox 1342 2541 1480 2585; x_wconf 87' lang='lat' dir='ltr'>Omnia,</span> <span class='ocrx_word' id='word_1_333' title='bbox 1506 2551 1598 2585; x_wconf 89' lang='lat' dir='ltr'>quae</span> <span class='ocrx_word' id='word_1_334' title='bbox 1623 2540 1681 2576; x_wconf 89' lang='lat' dir='ltr'>hie</span> <span class='ocrx_word' id='word_1_335' title='bbox 1701 2546 1750 2575; x_wconf 85' lang='lat' dir='ltr'>at.-</span> 
     </span>
     <span class='ocr_line' id='line_1_36' title="bbox 280 2594 1752 2642; baseline 0.003 -15"><span class='ocrx_word' id='word_1_336' title='bbox 280 2594 373 2635; x_wconf 82' lang='lat' dir='ltr'>tulit,</span> <span class='ocrx_word' id='word_1_337' title='bbox 405 2604 448 2628; x_wconf 84' lang='lat' dir='ltr'>ex</span> <span class='ocrx_word' id='word_1_338' title='bbox 473 2595 675 2629; x_wconf 82' lang='lat' dir='ltr'>Aristarchi</span> <span class='ocrx_word' id='word_1_339' title='bbox 701 2598 956 2631; x_wconf 78' lang='lat' dir='ltr'>commentario</span> <span class='ocrx_word' id='word_1_340' title='bbox 992 2600 1028 2631; x_wconf 86' lang='lat' dir='ltr'>et</span> <span class='ocrx_word' id='word_1_341' title='bbox 1053 2601 1177 2631; x_wconf 85' lang='lat' dir='ltr'>vetere</span> <span class='ocrx_word' id='word_1_342' title='bbox 1203 2597 1392 2631; x_wconf 86' lang='lat' dir='ltr'>comoedia</span> <span class='ocrx_word' id='word_1_343' title='bbox 1424 2597 1545 2631; x_wconf 85' lang='lat' dir='ltr'>hausit</span> <span class='ocrx_word' id='word_1_344' title='bbox 1568 2597 1752 2642; x_wconf 90' lang='lat' dir='ltr'>Didymus</span> 
     </span>
     <span class='ocr_line' id='line_1_37' title="bbox 280 2649 1751 2696; baseline 0.003 -14"><span class='ocrx_word' id='word_1_345' title='bbox 280 2650 339 2693; x_wconf 75' lang='lat' dir='ltr'>qui</span> <span class='ocrx_word' id='word_1_346' title='bbox 364 2651 561 2693; x_wconf 83' lang='lat' dir='ltr'>Leogoram</span> <span class='ocrx_word' id='word_1_347' title='bbox 587 2651 791 2686; x_wconf 87' lang='lat' dir='ltr'>Andocidis</span> <span class='ocrx_word' id='word_1_348' title='bbox 825 2652 938 2686; x_wconf 88' lang='lat' dir='ltr'>filium</span> <span class='ocrx_word' id='word_1_349' title='bbox 972 2652 1096 2696; x_wconf 87' lang='lat' dir='ltr'>fuisse,</span> <span class='ocrx_word' id='word_1_350' title='bbox 1128 2663 1208 2686; x_wconf 90' lang='lat' dir='ltr'>cum</span> <span class='ocrx_word' id='word_1_351' title='bbox 1240 2652 1352 2687; x_wconf 87' lang='lat' dir='ltr'>Thue.</span> <span class='ocrx_word' id='word_1_352' title='bbox 1380 2654 1393 2686; x_wconf 91' lang='lat' dir='ltr'>I</span> <span class='ocrx_word' id='word_1_353' title='bbox 1420 2657 1473 2696; x_wconf 82' lang='lat'>51,</span> <span class='ocrx_word' id='word_1_354' title='bbox 1490 2658 1510 2688; x_wconf 84' lang='lat'>4</span> <span class='ocrx_word' id='word_1_355' title='bbox 1537 2649 1751 2687; x_wconf 69' lang='grc' dir='ltr'><em>Άνδωκίδου</em></span> 
     </span>
     <span class='ocr_line' id='line_1_38' title="bbox 283 2701 1752 2753; baseline 0.003 -15"><span class='ocrx_word' id='word_1_356' title='bbox 283 2708 345 2739; x_wconf 69' lang='grc' dir='ltr'>τοῦ</span> <span class='ocrx_word' id='word_1_357' title='bbox 368 2701 577 2751; x_wconf 64' lang='grc' dir='ltr'>Λεωγιῖρωυ</span> <span class='ocrx_word' id='word_1_358' title='bbox 603 2717 731 2741; x_wconf 90' lang='lat' dir='ltr'>nomeu</span> <span class='ocrx_word' id='word_1_359' title='bbox 757 2712 967 2752; x_wconf 79' lang='lat' dir='ltr'>corruptum</span> <span class='ocrx_word' id='word_1_360' title='bbox 995 2719 1075 2743; x_wconf 85' lang='lat' dir='ltr'>esse</span> <span class='ocrx_word' id='word_1_361' title='bbox 1101 2709 1310 2752; x_wconf 80' lang='lat' dir='ltr'>probaverit</span> <span class='ocrx_word' id='word_1_362' title='bbox 1333 2708 1503 2753; x_wconf 86' lang='lat' dir='ltr'>Stahlius,</span> <span class='ocrx_word' id='word_1_363' title='bbox 1528 2709 1619 2743; x_wconf 90' lang='lat' dir='ltr'>Mus.</span> <span class='ocrx_word' id='word_1_364' title='bbox 1636 2709 1752 2743; x_wconf 88' lang='lat' dir='ltr'>Rhen.</span> 
     </span>
     <span class='ocr_line' id='line_1_39' title="bbox 280 2761 1750 2808; baseline 0.003 -14"><span class='ocrx_word' id='word_1_365' title='bbox 280 2761 344 2794; x_wconf 84' lang='lat' dir='ltr'>XL</span> <span class='ocrx_word' id='word_1_366' title='bbox 371 2772 405 2804; x_wconf 90' lang='lat' dir='ltr'>p.</span> <span class='ocrx_word' id='word_1_367' title='bbox 424 2766 487 2795; x_wconf 69' lang='lat'>439</span> <span class='ocrx_word' id='word_1_368' title='bbox 519 2761 579 2804; x_wconf 85' lang='lat' dir='ltr'>(cf.</span> <span class='ocrx_word' id='word_1_369' title='bbox 606 2763 711 2796; x_wconf 85' lang='lat' dir='ltr'>etiam</span> <span class='ocrx_word' id='word_1_370' title='bbox 740 2763 900 2806; x_wconf 85' lang='lat' dir='ltr'>Lipsius,</span> <span class='ocrx_word' id='word_1_371' title='bbox 925 2763 1070 2799; x_wconf 91' lang='lat' dir='ltr'>Andoc.</span> <span class='ocrx_word' id='word_1_372' title='bbox 1088 2765 1281 2806; x_wconf 84' lang='lat' dir='ltr'>orationes,</span> <span class='ocrx_word' id='word_1_373' title='bbox 1306 2764 1407 2808; x_wconf 87' lang='lat' dir='ltr'>Lips.</span> <span class='ocrx_word' id='word_1_374' title='bbox 1429 2767 1510 2799; x_wconf 68' lang='lat'>1888</span> <span class='ocrx_word' id='word_1_375' title='bbox 1536 2775 1570 2808; x_wconf 90' lang='lat' dir='ltr'>p.</span> <span class='ocrx_word' id='word_1_376' title='bbox 1588 2763 1640 2798; x_wconf 93' lang='lat' dir='ltr'>Vl</span> <span class='ocrx_word' id='word_1_377' title='bbox 1670 2775 1750 2799; x_wconf 88' lang='lat' dir='ltr'>eum</span> 
     </span>
     <span class='ocr_line' id='line_1_40' title="bbox 282 2816 1505 2864; baseline 0.004 -14"><span class='ocrx_word' id='word_1_378' title='bbox 282 2817 364 2851; x_wconf 80' lang='lat' dir='ltr'>adn.</span> <span class='ocrx_word' id='word_1_379' title='bbox 383 2820 429 2861; x_wconf 71' lang='lat'>9),</span> <span class='ocrx_word' id='word_1_380' title='bbox 455 2828 498 2852; x_wconf 81' lang='lat' dir='ltr'>ex</span> <span class='ocrx_word' id='word_1_381' title='bbox 524 2816 729 2854; x_wconf 86' lang='lat' dir='ltr'>Andocidis</span> <span class='ocrx_word' id='word_1_382' title='bbox 755 2819 916 2855; x_wconf 81' lang='lat' dir='ltr'>oratione</span> <span class='ocrx_word' id='word_1_383' title='bbox 942 2821 1125 2864; x_wconf 84' lang='lat' dir='ltr'>cognitum</span> <span class='ocrx_word' id='word_1_384' title='bbox 1151 2821 1298 2855; x_wconf 85' lang='lat' dir='ltr'>videtur</span> <span class='ocrx_word' id='word_1_385' title='bbox 1324 2820 1505 2856; x_wconf 85' lang='lat' dir='ltr'>habuisse.</span> 
     </span>
    </p>
   </div>
  </div>
 </body>
</html>
