1830 3201
298 181 349 218 26

408 292 443 326 Ι.
490 291 737 328 Transitive
777 293 935 331 verbum
978 294 1208 343 saepissime
1249 295 1457 343 reperitur.
1522 296 1688 334 Dativus
1724 296 1773 333 ad

295 370 502 407 personam
534 358 842 409 significandam,
873 360 921 397 ad
954 373 1071 409 quam
1103 361 1198 410 quid
1229 373 1383 399 sursum
1412 362 1573 408 tollitur,
1604 363 1774 400 accedit:

296 424 473 471 P3181)
496 425 724 476 :111773
753 426 793 464 E
814 430 909 477 1743
939 426 1085 467 2257.
1114 432 1211 477 3013
1243 428 1401 479 114123
1432 427 1586 478 K4603
1625 429 1774 479 T2543

299 492 338 529 Ω
359 496 455 542 301;
494 505 507 529 ι
531 495 622 532 294.
682 495 753 532 Ille
792 495 947 533 dativus
986 500 1044 534 est
1079 509 1150 545 pro
1183 497 1353 544 genuino
1386 496 1518 535 dativo
1556 498 1774 536 remotioris

247 602 252 609 Ι
297 559 488 610 obiecti‘2),
519 573 595 598 non
627 574 698 610 pro
731 562 847 600 locali
879 575 972 601 casu
1004 563 1219 601 habendus.

409 639 519 687 Mira,
560 651 609 677 ne
650 639 725 678 hoc
763 643 1020 690 praeteream,
1061 642 1167 680 notio
1208 641 1415 692 retinendi,
1453 655 1554 691 quae
1591 642 1775 691 primario
1816 638 1818 690 ῗ

297 705 533 754 significatui
569 707 677 744 vocis
714 697 799 744 ἀνά
835 712 1046 758 repugnat,
1087 709 1205 747 semel
1242 710 1436 759 reperitur
1473 711 1512 747 in
1549 710 1591 747 Il.
1631 708 1672 747 Ψ
1695 712 1775 749 428
1816 696 1818 709 ’

299 763 395 809 ἀλλ’
418 763 533 822 ἄνεχ’
555 768 731 819 ἵππους.
783 776 843 812 Ex
873 776 916 814 G.
937 774 1193 822 Hermanni3)
1216 777 1401 826 opinione
1426 777 1492 814 illa
1514 778 1637 815 altera
1658 777 1776 826 signi·
1817 780 1818 787 ¹

297 840 425 878 ficatio
466 840 619 886 „retro“
662 842 823 880 voculae
864 833 948 879 (ἵνά
989 856 1036 880 ex
1078 855 1123 881 ea
1159 843 1434 882 observatione
1476 844 1658 890 nascitur,
1698 856 1776 892 qua

296 919 414 956 saepe
448 908 638 946 motiones
666 909 867 954 „sursum“
905 922 990 947 cum
1025 911 1259 949 motionibus
1285 910 1546 956 „retrorsum“
1582 911 1620 949 in
1648 914 1776 949 mente

409 1039 436 1078 1)
461 1036 495 1069 Γ
510 1040 591 1071 318ι
616 1035 701 1071 λαοὶ
719 1032 749 1071 δ’
765 1035 965 1083 ἠρήσαντο,
990 1041 1113 1072 θεοῖσι
1134 1037 1171 1074 δὲ
1188 1041 1319 1083 χεῖρας
1337 1034 1508 1083 ἀνέσχον.
1547 1040 1777 1074 Ptolemaeus

297 1090 513 1126 Ascalonita
543 1097 579 1126 et
609 1093 769 1127 Nicanor
800 1088 989 1138 ἠρήσαντο
1023 1096 1129 1134 θεοῖς
1160 1091 1212 1129 ἰδὲ
1241 1099 1373 1138 χεῖρας
1405 1090 1565 1139 ἀνέσχον
1597 1095 1777 1139 legerunt,

297 1157 390 1191 quae
423 1148 606 1191 scriptura
638 1149 675 1182 in
709 1150 813 1184 Laur.
848 1160 900 1185 nr.
926 1153 943 1183 3
977 1154 1013 1184 et
1043 1150 1179 1194 stuttg.
1213 1160 1359 1194 quoque
1391 1151 1523 1185 tradita
1553 1154 1619 1185 est.
1676 1151 1777 1192 Quae

297 1203 491 1237 lectionum
511 1204 760 1248 discrepantia
780 1210 908 1249 aperte
925 1206 1110 1240 levissima
1127 1211 1194 1250 est,
1219 1208 1305 1250 quia
1330 1207 1460 1241 litteris
1477 1207 1582 1241 aliter
1600 1206 1777 1251 separatis

297 1258 467 1293 efficitur.
515 1258 570 1293 At
587 1264 707 1295 tamen
726 1259 881 1296 Ameisii
900 1262 1016 1297 tribus
1035 1263 1167 1305 causis,
1193 1273 1285 1306 quas
1310 1263 1356 1296 ad
1374 1263 1562 1297 Nicanoris
1585 1263 1775 1297 lectionem

296 1315 470 1349 tuendam
496 1316 533 1349 in
557 1327 639 1361 app.
658 1317 705 1351 ad
722 1317 755 1352 h.
774 1317 795 1352 l.
821 1318 937 1361 affert,
963 1319 1132 1353 assentiri
1158 1329 1309 1362 nequeo.
1359 1319 1485 1363 Neque
1503 1319 1599 1353 enim
1625 1319 1697 1353 duo
1716 1319 1778 1353 illa

297 1371 484 1405 enuntiata
508 1382 574 1415 per
590 1368 640 1413 δέ,
667 1377 706 1407 ut
730 1373 917 1408 Ameisius
944 1374 1145 1418 contendit,
1171 1375 1334 1418 graviter
1354 1375 1451 1409 inter
1467 1385 1506 1409 se
1528 1377 1777 1419 opponuntur,

297 1427 362 1461 sed
381 1431 519 1461 tantum
538 1428 722 1462 levissime
746 1429 838 1464 inter
856 1439 894 1463 se
913 1431 1196 1474 coniunguntur.
1230 1431 1319 1465 Nam
1339 1426 1377 1464 δέ
1398 1440 1508 1474 saepe
1526 1431 1571 1464 ad
1589 1430 1778 1465 enuntiata

297 1483 510 1526 simpliciter
535 1485 743 1527 copulanda
769 1485 881 1529 valet,
908 1484 953 1520 cf.
980 1488 1009 1519 A
1034 1490 1074 1520 43
1090 1497 1169 1530 sqq.
1218 1487 1403 1530 Deinceps
1434 1485 1625 1531 rhythmus
1649 1496 1777 1521 versus

297 1539 454 1573 lectione
472 1539 707 1583 plurimorum
725 1541 892 1575 codicum
912 1547 1061 1586 recepta
1079 1553 1147 1577 non
1164 1542 1205 1576 fit
1222 1543 1390 1585 deterior,
1409 1553 1491 1577 nam
1509 1552 1662 1577 caesura
1679 1539 1778 1577 κατὰ

298 1591 480 1639 τέταρτοι·
504 1600 683 1641 τροχαῖον
713 1602 796 1631 ante
823 1594 860 1631 δὲ
896 1599 1092 1632 statuenda
1118 1609 1190 1632 non
1217 1604 1283 1633 est.
1328 1598 1433 1640 Quod
1458 1609 1566 1642 porro
1591 1599 1779 1633 Ameisius

297 1651 405 1685 docet
431 1651 593 1685 dativum
611 1662 802 1696 personae,
828 1653 859 1686 si
877 1654 1027 1688 verbum
1051 1655 1226 1698 precandi
1251 1650 1449 1698 (εὔχεσθαι
1469 1659 1505 1689 et
1522 1649 1706 1699 ἀρᾶσθαι)
1732 1655 1777 1689 ad
1821 1681 1823 1700 ᾗ

300 1705 488 1740 formulam
506 1710 637 1752 χεῖρας
652 1702 831 1751 ἀνασχεῖν
845 1709 1009 1753 accedat,
1027 1719 1170 1753 semper
1183 1710 1228 1743 ad
1242 1710 1394 1744 verbum
1409 1710 1582 1753 precandi
1600 1714 1778 1755 spectare,
1821 1702 1823 1748 Ῠ

298 1762 366 1796 hoc
381 1767 615 1806 praeceptum
631 1774 674 1798 ex
688 1764 837 1798 libidine
852 1765 974 1799 datum
990 1775 1070 1800 esse
1085 1766 1170 1799 mibi
1185 1766 1332 1809 quidem
1346 1765 1502 1800 videtur.
1528 1766 1616 1800 Nam
1632 1766 1778 1801 dativus
1822 1761 1823 1777 ³

297 1827 474 1861 personae
488 1817 662 1853 formulae
674 1823 806 1864 χεῖρας
821 1814 1009 1864 ἀνασχεῖν,
1025 1821 1055 1855 si
1068 1821 1207 1855 nullum
1217 1821 1369 1856 verbum
1382 1821 1556 1866 precandi
1570 1823 1778 1866 appositum

296 1878 363 1916 est,
387 1874 538 1917 adiungi
557 1875 648 1908 solet
665 1875 897 1919 saepissime,
923 1875 969 1910 cf.
988 1877 1020 1909 E
1038 1880 1117 1920 1743
1144 1878 1174 1910 Z
1190 1880 1264 1912 257.
1290 1880 1371 1921 3013
1398 1878 1434 1911 ,Ω
1453 1880 1536 1920 3013
1561 1891 1572 1911 ι
1591 1881 1665 1913 294.
1714 1879 1776 1914 Eis

295 1930 387 1966 locis
418 1934 551 1973 autem,
583 1931 718 1974 quibus
746 1932 898 1966 verbum
930 1934 1105 1976 precandi
1135 1934 1289 1976 accedit,
1319 1934 1421 1968 velut
1451 1934 1578 1978 T2543
1608 1935 1716 1970 (9347
1735 1951 1779 1966 =
1822 1927 1823 1933 ¹

300 1988 327 2019 0
345 1990 408 2021 369
432 1987 510 2029 (ubi
530 1982 748 2030 ἀνίσχοντες
766 1988 859 2022 idem
880 1988 1093 2032 significans
1111 1990 1269 2033 legitur),
1295 1989 1443 2024 dativus
1460 2000 1651 2034 personae,
1669 1991 1777 2026 sicuti

297 2054 340 2077 ex
366 2043 605 2077 collocatione
631 2044 711 2077 eius
737 2049 901 2087 apparet,
934 2049 970 2079 et
994 2045 1040 2079 ad
1064 2045 1298 2089 participium
1329 2050 1366 2079 et
1389 2045 1436 2079 ad
1460 2046 1611 2080 verbum
1636 2046 1778 2081 finitum

296 2098 511 2134 referendus
547 2104 614 2133 est.
674 2099 716 2134 Id
753 2110 840 2134 vero
878 2101 1029 2135 maxime
1065 2099 1224 2135 Ameisii
1262 2101 1467 2135 sententiae
1504 2102 1643 2146 obstat,
1680 2103 1824 2146 quod‚*

297 2165 420 2189 omnes
438 2156 519 2197 loci,
545 2166 637 2199 quos
662 2156 769 2190 affert
794 2156 840 2190 ad
865 2161 1097 2200 praeceptum
1125 2167 1230 2191 suum
1256 2157 1516 2200 adiuvandum,
1541 2168 1685 2202 semper
1708 2158 1779 2193 for-

297 2212 428 2245 mulam
454 2211 550 2245 illam
574 2216 705 2257 χεῖρας
731 2207 907 2256 ἀνασχών
935 2213 1125 2257 praebent,
1157 2223 1230 2247 non
1257 2213 1329 2247 duo
1355 2214 1546 2247 enuntiata
1576 2219 1618 2248 ut
1641 2214 1711 2258 hic,
1740 2215 1777 2248 in

298 2268 429 2311 quibus
447 2267 603 2301 formula
621 2268 683 2301 illa
699 2268 849 2302 verbum
869 2269 1010 2303 finitum
1029 2274 1094 2303 est.
1144 2269 1375 2312 Quapropter
1394 2269 1445 2302 illi
1464 2269 1534 2304 loci
1551 2270 1595 2304 ab
1614 2270 1778 2305 Ameisio

297 2326 334 2359 in
360 2326 567 2369 appendice
592 2326 691 2359 allati
725 2336 805 2360 cum
831 2330 956 2360 nostro
982 2327 1061 2360 loco
1094 2336 1166 2361 non
1200 2329 1356 2369 possunt
1384 2323 1547 2359 conferri.
1594 2324 1778 2360 Absoluto

298 2381 401 2416 verbi
427 2377 595 2426 ἀρᾶσθαι,
622 2392 693 2416 usu
725 2392 795 2416 non
822 2382 997 2416 debemus
1029 2382 1208 2425 impediri,
1242 2381 1436 2424 quominus
1464 2381 1559 2414 illam
1585 2381 1778 2416 lectionem

298 2438 335 2472 in
360 2438 527 2482 plurimis
562 2438 785 2482 optimisque
815 2438 1007 2473 codicibus
1041 2438 1212 2472 traditam
1245 2437 1534 2481 comprobemus,
1566 2437 1777 2481 praesertim

298 2505 377 2529 cum
404 2495 460 2529 hic
485 2505 504 2528 e
529 2498 707 2528 contextu
733 2494 996 2529 subaudiamus
1021 2504 1156 2529 numen
1181 2495 1341 2537 deorum,
1365 2493 1427 2537 qui
1453 2493 1708 2538 implorantum
1732 2493 1778 2528 cf.
1825 2493 1830 2501 “

298 2551 425 2594 Ε114;
452 2550 581 2584 11'283:
615 2551 745 2594 Ψ149;
777 2562 799 2594 γ
818 2553 870 2585 62.
896 2555 955 2593 (34;
986 2564 1006 2594 η
1029 2554 1056 2585 1.
1105 2551 1234 2594 Itaque
1264 2548 1420 2583 Ameisii
1453 2550 1574 2584 causis
1607 2547 1778 2584 refutatis

298 2617 370 2640 non
396 2611 462 2649 est,
494 2606 591 2650 quod
618 2606 663 2639 de
690 2606 903 2650 integritate
928 2607 1096 2641 lectionis
1127 2607 1262 2650 optime
1292 2603 1526 2640 confirmatae
1558 2605 1780 2640 dubitemus·

410 2675 435 2717 2)
469 2672 524 2708 Cf.
551 2672 735 2708 Kuehneri
767 2684 818 2716 gr.
845 2674 924 2708 (ἔτι-,2
953 2674 972 2718 ξ
998 2677 1073 2718 423,
1097 2677 1134 2719 43
1169 2673 1401 2718 Delbrueck.,
1434 2672 1602 2720 Syutakt.
1627 2671 1778 2707 Forsch.
1828 2701 1830 2711 ,

298 2731 362 2775 lv,
381 2734 433 2766 54.
456 2734 509 2765 57.

412 2790 438 2829 ³)
471 2797 599 2835 opusc.
618 2786 662 2831 V,
682 2790 735 2823 43.
