1815 3231
1446 212 1455 244 l
1469 212 1517 245 '25

44 315 171 353 aetate
203 313 366 362 eiusque
389 312 488 351 filios
510 313 698 351 educasse
731 314 893 352 multum
928 316 1041 353 habet
1073 318 1369 366 probabilitatis.
1421 320 1517 356 Phil<

44 380 200 430 adelphi
232 381 333 419 enim
366 381 415 418 ad
449 383 627 430 tempora
660 381 871 419 revocatur
893 383 1112 422 Zenodotus
1144 399 1165 423 a
1188 387 1330 424 Tzetza
1363 388 1397 424 iu
1430 388 1519 424 l'ro-

43 449 258 498 legomenis
295 448 533 486 scholiorum
573 449 621 486 ad
659 448 1008 498 Aristophanem.1·)
1069 453 1227 490 Ave-odit
1266 454 1367 499 quod
1404 455 1519 492 verba

42 510 148 562 τοὺς
179 511 340 561 παῖδας
372 512 653 565 Πτολεμαίου
686 511 943 554 ἐπαίδευσεν
981 520 1177 568 aptissime
1212 522 1435 559 resvruntm·
1470 522 1516 559 ad

42 585 255 624 Ptolemaei
288 584 537 633 Philadelphi
570 584 679 622 filios.
740 584 814 632 Qui
853 598 934 623 cum
979 600 1010 623 a.
1043 591 1119 625 2⁸25
1158 590 1191 625 iu
1237 590 1516 627 matrimonium

6 711 7 714 Ἴ
41 654 220 692 duxisset
251 653 458 697 Arsinoen,
497 652 614 690 filiam
647 652 926 702 Lysimachi2),
968 658 1046 692 tres
1086 668 1130 693 ex
1164 669 1208 693 ea
1240 657 1324 694 tulit
1362 657 1517 695 liberos:

40 722 321 769 Ptolemaeum,
359 720 649 770 Lysimachum,
685 721 948 767 Berenicen.³³)
1009 723 1153 769 Quodsi
1194 724 1239 761 dc
1274 724 1516 773 Philadelphi

40 790 129 828 filiis
172 789 408 840 cogitamus,
455 788 551 826 illud
599 778 705 833 τούς
745 784 903 827 παῖδας
951 788 1219 840 ΙΙτολίνμαίοι·
1266 788 1519 829 huldreum*

41 858 141 896 bene
173 869 214 896 se
245 857 392 895 habere
424 855 629 894 concedes.

154 925 352 975 Sequitur,
390 927 433 962 ut
470 924 722 973 explicemus,
765 924 858 973 quid
889 926 937 962 sit
969 926 1214 964 statuendum
1254 926 1300 964 de
1335 927 1516 975 Hesychii

40 993 183 1039 verbis,
227 993 294 1042 qui
334 991 578 1030 Zenodotum
620 990 804 1030 Soteris
843 995 967 1030 aetate
1010 994 1182 1031 floruisse
1226 998 1261 1031 et
1303 995 1383 1032 eius
1422 995 1519 1032 filios

40 1061 229 1101 educasse
268 1059 440 1098 tradidit.
499 1060 629 1109 Atque
672 1062 713 1097 ut
750 1071 827 1098 non
866 1060 1037 1098 dicamus
1079 1061 1123 1098 de
1164 1060 1388 1111 Partheyi⁴¹l
1431 1076 1518 1099 ‹wm-

38 1130 199 1178 iectura,
239 1141 340 1178 quae
371 1140 509 1177 parum
542 1127 701 1165 videtur
732 1127 954 1176 probabilis7
994 1131 1061 1165 aut
1092 1122 1274 1178 πρώτου
1311 1130 1347 1166 in
1381 1125 1517 1165 ὀπτί-

24 1208 122 1253 ιρου
155 1196 432 1247 corrigendum
465 1199 533 1234 aut
563 1195 729 1233 fortasse
760 1187 959 1246 μαθητὴς
990 1194 1070 1233 τοῖ-
1107 1195 1272 1246 ‹Inita-[c
1303 1192 1368 1233 ἐπὶ
1406 1195 1516 1233 ΙΙτο-

40 1261 223 1315 ’λεμαὶου
255 1256 516 1314 γεγονότος
547 1261 627 1301 τοῦ
657 1255 841 1313 πρώτου
878 1263 1083 1313 legendum
1117 1276 1197 1301 esse
1235 1264 1417 1303 dixerunt
1448 1266 1517 1301 viri

40 1331 192 1380 docti.⁵)
251 1330 469 1377 Daubiusss)
508 1331 660 1369 censuit
696 1330 936 1368 Zenodotum
975 1334 1197 1369 revocatum
1230 1344 1313 1369 esse
1351 1332 1398 1369 ad
1432 1333 1516 1370 Pto-

39 1401 178 1440 lemaei
208 1389 323 1451 primi
356 1400 573 1449 imperium,
614 1411 674 1446 ne,
712 1411 796 1436 cum
829 1398 1083 1448 Philadelpho
1115 1411 1205 1448 rege
1239 1400 1517 1437 Callimachum

38 1468 216 1508 floruisse
254 1471 512 1519 proponatur,
548 1467 775 1505 Ptolemaeo
807 1467 921 1504 tertio
959 1467 1255 1505 Eratosthenem
1293 1470 1330 1504 et
1360 1467 1516 1516 Apollo-

38 1538 158 1587 nium,
188 1537 302 1586 primi
325 1536 538 1574 Ptolemaei
561 1538 669 1573 aetas
697 1535 857 1572 illustris
888 1534 1125 1583 grammatici
1157 1535 1347 1572 mentione
1371 1539 1509 1572 careat.

40 1607 148 1655 Quas
191 1606 440 1644 coniecturas
481 1616 503 1641 a
545 1603 820 1653 probabilitate
860 1602 1070 1640 abhorrere
1116 1603 1269 1640 minime
1313 1602 1508 1640 contendo

37 1678 167 1714 tamen
198 1686 272 1723 res,
309 1676 352 1712 ut
382 1672 475 1711 mihi
507 1672 673 1717 videtur,
710 1670 921 1709 faciliorem
954 1670 1069 1708 habet
1100 1670 1344 1719 explicatum.
1404 1670 1508 1707 Nihil

38 1744 139 1783 enim
172 1743 310 1790 obstat,
347 1742 558 1792 quominus
590 1752 816 1779 censeamus
847 1729 990 1789 ἀκμήν
1022 1739 1206 1777 Zenodoti
1237 1738 1284 1776 ab
1315 1738 1509 1787 Hesyehio

38 1813 201 1851 relatam
240 1822 326 1850 esse
364 1810 412 1848 ad
446 1808 593 1848 Soteris
624 1811 811 1857 tempora,
854 1807 946 1856 quia
982 1806 1147 1845 fortasse
1186 1807 1257 1843 iam
1295 1810 1373 1843 tum
1412 1806 1513 1854 regis

37 1881 148 1920 iussu
178 1879 443 1919 instituendae
473 1878 732 1918 bibliothecae
763 1873 1091 1923 Alexand1·inae³)
1124 1874 1290 1924 negotiis
1326 1873 1508 1918 interfuit,

40 1952 78 1988 et
110 1948 276 1988 confusa
308 1960 393 1987 esse
425 1951 628 1998 praeterea
665 1958 766 1995 quae
796 1944 844 1982 ad
876 1944 1088 1982 Ptolemaei
1120 1942 1232 1992 primi
1269 1946 1306 1979 et
1337 1953 1435 1990 quae
1467 1941 1513 1978 ad

40 2017 201 2057 alterius
232 2019 397 2056 aetatem
431 2018 619 2065 spectent.
679 2014 857 2053 Ceterum
891 2012 963 2050 hac
995 2011 1041 2049 de
1074 2023 1115 2049 re
1153 2010 1334 2048 iudicium
1367 2012 1513 2047 certum

39 2085 122 2124 fieri
153 2097 270 2136 posse
300 2084 525 2135 praefracte
556 2084 614 2122 est
646 2080 879 2131 negandum.

154 2196 181 2236 ¹)
216 2192 271 2229 Cf.
298 2191 453 2235 Ritschl,
479 2191 571 2236 Opp.
589 2191 605 2224 1
632 2202 666 2234 p.
686 2193 758 2224 200.

151 2251 181 2291 ²)
214 2247 270 2284 of.
295 2248 480 2293 Droysen,
506 2246 725 2282 Gesohichte
751 2245 814 2279 des
840 2242 1098 2284 Hellenismus,
1124 2240 1187 2283 III,
1208 2245 1220 2274 1
1249 2251 1282 2283 p.
1303 2244 1374 2273 265.

152 2308 181 2350 ³)
213 2305 269 2341 Of.
295 2306 408 2341 schol.
426 2305 580 2340 Theocr.
602 2307 652 2346 17,
674 2306 745 2337 128.
785 2299 906 2335 Busch
932 2311 963 2343 p.
984 2313 1012 2333 3.
1040 2303 1070 2333 o'.

152 2364 180 2407 4)
213 2363 235 2397 l.
253 2363 275 2397 l.
300 2374 334 2407 p.
355 2365 416 2396 71:
454 2360 563 2401 „Will
588 2370 668 2394 man
701 2358 760 2393 bei
785 2357 916 2391 Suidas
948 2355 1005 2389 die
1028 2354 1153 2388 Worte
1188 2356 1250 2386 τοῦ
1277 2349 1428 2396 πρώτοι-
1462 2352 1514 2385 als

39 2420 211 2464 spateren
231 2419 364 2454 Zusatz
384 2418 603 2462 weglassen,
622 2427 661 2450 so
680 2415 816 2449 konnte
833 2412 1061 2447 Ptolemaeus
1078 2408 1336 2452 Philadelphus
1354 2408 1515 2451 gemeint

39 2475 118 2510 sein
150 2475 227 2510 und
261 2475 358 2509 dann
385 2474 447 2509 hat
471 2484 510 2509 es
536 2472 664 2508 Nichts
690 2466 1101 2508 Unwahrscheinliehes‚
1134 2465 1218 2499 dass
1249 2464 1369 2498 dieser
1393 2463 1514 2506 Konig

39 2531 178 2567 seinem
202 2531 487 2576 gleichaltrigen
503 2529 717 2564 Mitschiiler
734 2525 897 2561 Zenodot
922 2524 981 2559 die
1005 2521 1212 2565 Erziehung
1237 2521 1354 2555 seiner
1378 2519 1514 2553 Kinder

39 2592 253 2624 auvertraut
276 2588 400 2623 habe.“

28 2679 31 2682 Α
151 2646 181 2686 5)
212 2643 342 2678 Rohde
368 2654 403 2688 p.
423 2646 504 2686 1733
538 2641 660 2684 Flach,
684 2639 840 2684 Hesych.
864 2637 978 2671 Miles.
1002 2636 1163 2670 Onomat.
1191 2642 1281 2677 qua-e
1308 2636 1514 2675 supersunt,

42 2692 140 2733 1882,
164 2699 248 2733 pag.
267 2692 320 2724 80.

141 2747 164 2773 «ὃ
216 2746 238 2780 l.
263 2745 285 2780 l.
322 2756 345 2779 ).
365 2748 417 2779 81.

154 2748 184 2846 7))
215 2755 363 2836 Certillm
397 2798 626 2834 fundationis
662 2794 902 2832 bibliothecae
934 2803 1066 2828 annum
1096 2790 1268 2827 constitui
1301 2799 1371 2823 non
1406 2798 1513 2832 posse

46 2822 171 2884 docuit
194 2845 338 2882 Ritschl
366 2846 386 2880 l.
404 2855 434 2880 c.
459 2855 493 2892 p.
512 2848 575 2889 683
603 2841 648 2878 cf.
673 2840 793 2876 Busch
819 2851 852 2885 p.
872 2842 900 2873 2.
