1815 3231
1471 198 1520 232 κν.

51 287 222 343 ἔφθιεν,
266 294 372 346 quod
416 296 534 347 vulgo
567 312 638 348 pro
672 299 900 348 imperfecto
934 302 1109 352 liabetur,
1149 306 1330 343 :wi-istum
1367 309 1396 344 ll
1432 323 1526 357 csse,

50 363 300 402 intransitiva
330 364 367 402 vi
398 365 632 415 praeditum,
664 371 799 405 censet
820 369 1098 417 interpretatus
1126 375 1333 411 ..ma‹·‹·1·ari
1358 377 1525 424 coepit:

49 431 103 468 At
142 431 329 470 aoristum
373 425 499 470 ἔπιον
532 447 554 471 a
584 430 702 471 πίνω
735 434 964 486 derivatum,
995 439 1041 475 ad
1076 452 1188 487 quem
1224 442 1524 480 liocdcrleinius¹

49 501 251 549 provocat,
282 513 360 538 non
393 500 484 539 licet
515 513 755 550 comparare.
811 504 959 541 Etenim
991 507 1148 544 verbum
1172 505 1287 544 πίνω
1311 523 1384 546 non
1411 511 1525 548 liabct

50 566 197 605 formas
228 567 514 618 respondentes
545 569 678 608 formis
705 567 865 620 φθίσω,
897 566 1070 620 ἔᾳθισα,
1102 588 1146 612 (ex
1171 577 1309 624 quibus
1333 578 1525 626 colligitur

47 635 96 673 ad
138 636 226 674 illas
268 636 415 675 formas
456 650 476 675 e
518 638 640 686 stirpe
681 638 763 686 φθι
808 640 916 677 fictas
959 654 1143 689 praesens
1176 641 1296 689 ([θίω
1330 647 1524 693 pertinen·

50 715 126 741 non
169 715 283 742 secus
323 707 443 754 atque
480 704 530 743 ad
562 704 708 744 formas
741 699 873 747 δύσω,
907 702 1039 745 {summ
1072 723 1259 758 praescus
1293 706 1392 747 δι’-ω.
1455 714 1523 750 lm-

48 770 265 821 perfectum
307 785 419 822 vero,
469 773 507 811 in
550 786 627 822 quo
669 774 969 814 Doederleinius
1010 778 1182 826 offendit,
1229 791 1272 816 eo
1305 785 1522 818 excusatur.

49 839 152 888 quod
184 840 400 889 respondet
430 842 612 891 sequenti
643 836 810 879 ἐείλεον
841 844 875 880 in
910 856 943 880 v.
966 848 1058 893 447,
1096 858 1193 894 quac
1226 848 1323 884 actio
1356 849 1523 885 verbalis

48 906 403 966 eodem“temp0re
446 909 498 947 fit.
563 909 758 960 Analogia
801 911 977 949 simiIIum
1022 913 1271 963 locutionum,
1315 919 1353 952 ut
1395 927 1521 952 κατι(-

42 964 233 1012 ‘dcimam
267 970 396 1026 ἦτορ,
433 969 546 1014 ἔδειν
584 971 744 1027 θυμόν,
787 991 857 1016 nos
894 980 1159 1028 perducimur,
1204 987 1243 1020 ut
1282 983 1317 1020 in
1357 983 1522 1021 dictione

48 1036 176 1092 ἕφθιε
207 1039 369 1094 φρένας
401 1045 724 1095 significationem
758 1047 998 1085 transitivam
1031 1049 1298 1087 intransitivae
1332 1052 1521 1099 praefera-

46 1122 145 1150 mus.
196 1111 244 1150 cf.
275 1125 332 1162 ea,
362 1125 464 1162 quae
496 1113 544 1152 de
577 1113 746 1153 dictione
778 1108 1023 1162 φθινύθειν
1051 1113 1181 1163 φίλον
1204 1115 1285 1167 κῆρ
1317 1130 1344 1155 s.
1369 1131 1401 1155 v.
1425 1118 1521 1165 ([θ-ι-

47 1171 205 1217 νύθειν
237 1181 434 1231 copiosius
465 1180 687 1231 disputabo.

46 1244 49 1249 r
166 1258 293 1298 Semel
334 1264 464 1299 tamen
506 1258 631 1310 φθίω
673 1262 918 1300 intransitive
960 1263 1152 1312 reperitur
1191 1264 1356 1310 βῖὶϋὸῑ»
1389 1256 1445 1308 ὥς
1476 1277 1519 1301 κεν

48 1320 166 1379 δόλῳ
196 1324 346 1378 φθίῃς.

616 1448 657 1491 2.
709 1465 735 1502 (J
752 1454 781 1489 θ
793 1465 803 1490 ι
816 1465 839 1491 ν
853 1446 873 1490 ι’·
882 1453 914 1490 θ
924 1466 969 1491 (ι).

163 1543 222 1581 De
255 1541 489 1582 formatione
522 1544 633 1582 verbi
665 1544 712 1582 cf.
744 1544 851 1583 Cui-t.
885 1545 1015 1583 Verb.'-'
1046 1546 1075 1594 1,
1098 1548 1164 1584 24⁶

162 1622 407 1661 Wentzelius
430 1623 452 1660 l.
473 1623 496 1661 l.
527 1636 563 1673 p.
586 1626 638 1663 34
670 1624 744 1662 hoc
765 1636 924 1673 quoque
946 1624 1075 1669 verbo⁷
1108 1628 1149 1662 ut
1171 1624 1324 1662 omnino
1347 1624 1523 1662 omnibus

46 1689 176 1728 verbis
207 1690 245 1728 in
276 1689 366 1728 -θω
398 1691 629 1729 cadentibus
667 1692 862 1730 notionem
897 1691 1181 1742 perpetuitatis,
1212 1692 1524 1740 continuationis,

46 1758 292 1808 repetitionis
334 1759 528 1797 contineri
569 1759 854 1798 demonstravit
898 1760 1141 1808 perlustrans
1186 1760 1361 1808 singulos
1407 1759 1523 1808 locos,

47 1825 193 1875 quibus
233 1818 450 1874 φθινύθω
490 1827 701 1865 invenitur.
770 1827 827 1864 Ac
868 1827 1045 1875 profecto
1087 1819 1302 1874 φθινύθω
1340 1827 1522 1875 script-um

49 1892 227 1931 videmus
257 1894 305 1932 iis
337 1893 444 1940 locis,
491 1895 635 1944 quibus
666 1894 728 1932 vel
757 1895 951 1932 sententia
982 1894 1269 1943 frequentativa
1300 1894 1433 1931 subest
1463 1894 1523 1930 vel

47 1960 234 2000 universa
276 1964 314 2000 et
356 1963 571 2000 communis
613 1963 711 2000 ratio
751 1964 870 2011 atque
903 1961 1145 1999 consuetudo
1176 1962 1238 1999 vel
1269 1962 1306 1998 in
1339 1961 1524 2010 parabola

48 2028 216 2078 quadam
249 2030 312 2067 vel
345 2030 418 2068 sub
450 2030 619 2079 imagine
651 2029 797 2078 aliquid
821 2029 1056 2078 depingitur.
1108 2028 1348 2066 Wentzelius
1370 2029 1523 2077 egregie

48 2096 230 2134 omnibus
273 2096 388 2135 huius
426 2097 535 2135 verbi
578 2099 617 2134 et
648 2096 848 2146 compositi
882 2086 1188 2143 ι’ἷποφθινῦθω
1221 2095 1408 2144 exemplis
1439 2107 1523 2132 sen-

48 2164 210 2203 tentiam
256 2176 366 2203 suam
411 2165 623 2204 illustravit
672 2177 717 2202 ac
768 2163 1047 2212 comprobavit.
1123 2162 1170 2200 cf.
1219 2163 1319 2200 illius
1370 2174 1524 2200 enume-

54 2230 291 2279 rationem.²)

161 2352 189 2395 1)
223 2351 329 2393 Quod
354 2351 637 2386 Doederleinius
664 2361 716 2385 nr.
736 2354 820 2384 2203
850 2349 933 2383 huic
958 2349 1037 2383 loco
1062 2348 1287 2383 transitivam
1314 2347 1441 2382 tribuit
1465 2358 1524 2381 no-

47 2407 196 2451 tionem,
220 2417 302 2442 eum
327 2407 435 2443 valde
461 2417 603 2442 errasse
629 2411 795 2452 apertum
821 2410 887 2440 est.

160 2476 190 2518 2)
219 2476 261 2510 L.
283 2475 453 2521 Meyerus
483 2474 584 2520 (Vgl.
609 2474 688 2509 Gr.2
708 2474 735 2517 I,
761 2476 840 2514 645)
867 2474 898 2506 Α
922 2476 984 2506 491
1020 2468 1113 2506 ἀλλὰ
1144 2466 1382 2516 ψθιιίῗθθσκε
1417 2470 1526 2514 φίλων

48 2533 121 2577 κῆρ
143 2531 147 2576 Ι
169 2525 261 2566 αὖθι
284 2527 411 2574 μένων
435 2531 642 2567 Wentzelio
667 2528 1010 2572 lexicographisque
1028 2528 1319 2572 improbantibus
1346 2524 1524 2570 φθινύθω

48 2597 132 2622 esse
155 2587 428 2622 intransitivum
460 2591 497 2623 et
521 2585 633 2631 φίλον
657 2588 730 2631 κῆρ
763 2584 950 2620 relationis
976 2584 1224 2619 accusativum
1255 2583 1436 2618 existimat
1470 2593 1527 2617 ex-

48 2644 192 2688 plicans
218 2654 278 2684 „er
295 2644 474 2689 vergieng
502 2654 568 2678 vor
593 2643 736 2677 G1·am“.
785 2640 839 2675 At
863 2640 894 2674 si
920 2640 1132 2684 principalis
1154 2638 1373 2684 significatio
1398 2638 1525 2672 transi-

49 2699 127 2734 tiva
150 2700 286 2734 nullam
311 2700 526 2735 ostensionis
551 2699 701 2744 praebet
726 2706 859 2739 ansam,
891 2707 955 2731 cur
979 2696 1041 2731 illa
1069 2706 1141 2729 non
1166 2694 1408 2739 agnoscatur?
1451 2694 1527 2728 Huc

49 2756 204 2801 accedit,
236 2756 336 2801 quod
359 2756 539 2792 Homerus
568 2755 620 2799 id,
653 2754 752 2799 quod
783 2756 903 2788 aetate
936 2752 1202 2797 posthomerica
1234 2750 1444 2795 pronomine
1477 2759 1528 2783 re-

51 2811 188 2848 flexivo
221 2813 419 2857 indicatur,
453 2811 643 2848 vocabulis
677 2820 737 2845 cor
770 2808 1063 2852 significantibus
1096 2806 1391 2842 circumscribere
1423 2805 1525 2839 solet.

1292 2874 1332 2907 6*
