<?xml version="1.0" encoding="UTF-8"?>
<!DOCTYPE html PUBLIC "-//W3C//DTD XHTML 1.0 Transitional//EN"
    "http://www.w3.org/TR/xhtml1/DTD/xhtml1-transitional.dtd">
<html xmlns="http://www.w3.org/1999/xhtml" xml:lang="en" lang="en">
 <head>
  <title>
</title>
<meta http-equiv="Content-Type" content="text/html;charset=utf-8" />
  <meta name='ocr-system' content='tesseract 3.04.00' />
  <meta name='ocr-capabilities' content='ocr_page ocr_carea ocr_par ocr_line ocrx_word'/>
</head>
<body>
  <div class='ocr_page' id='page_1' title='image "./deverbisetintran00hilduoft_0270.png"; bbox 0 0 1830 3201; ppageno 0'>
   <div class='ocr_carea' id='block_1_1' title="bbox 291 182 370 220">
    <p class='ocr_par' dir='ltr' id='par_1_1' title="bbox 291 182 370 220">
     <span class='ocr_line' id='line_1_1' title="bbox 291 182 370 220; baseline 0.013 -1"><span class='ocrx_word' id='word_1_1' title='bbox 291 182 370 220; x_wconf 82' lang='lat'>262</span> 
     </span>
    </p>
   </div>
   <div class='ocr_carea' id='block_1_2' title="bbox 277 286 1816 1978">
    <p class='ocr_par' dir='ltr' id='par_1_2' title="bbox 277 286 1816 1978">
     <span class='ocr_line' id='line_1_2' title="bbox 289 286 1764 343; baseline 0 -13"><span class='ocrx_word' id='word_1_2' title='bbox 289 289 390 343; x_wconf 76' lang='grc' dir='ltr'><em>περὶ</em></span> <span class='ocrx_word' id='word_1_3' title='bbox 420 286 583 330; x_wconf 75' lang='grc' dir='ltr'><em>τούτου</em></span> <span class='ocrx_word' id='word_1_4' title='bbox 615 291 887 339; x_wconf 74' lang='grc' dir='ltr'><strong><em>φιλονεικεῖν</em></strong></span> <span class='ocrx_word' id='word_1_5' title='bbox 915 288 1160 342; x_wconf 60' lang='grc' dir='ltr'><em>μηχαπηῖταί</em></span> <span class='ocrx_word' id='word_1_6' title='bbox 1190 304 1231 330; x_wconf 81' lang='grc' dir='ltr'>τι</span> <span class='ocrx_word' id='word_1_7' title='bbox 1262 290 1487 341; x_wconf 82' lang='grc' dir='ltr'><em>τοιοῦτον;</em></span> <span class='ocrx_word' id='word_1_8' title='bbox 1524 292 1570 331; x_wconf 87' lang='lat' dir='ltr'>cf.</span> <span class='ocrx_word' id='word_1_9' title='bbox 1601 290 1764 330; x_wconf 66' lang='lat' dir='ltr'>Herod:</span> 
     </span>
     <span class='ocr_line' id='line_1_3' title="bbox 290 350 1766 411; baseline -0.001 -14"><span class='ocrx_word' id='word_1_10' title='bbox 290 354 437 410; x_wconf 70' lang='grc' dir='ltr'><em>ἐπειδὴ</em></span> <span class='ocrx_word' id='word_1_11' title='bbox 480 355 524 397; x_wconf 74' lang='grc' dir='ltr'>δὲ</span> <span class='ocrx_word' id='word_1_12' title='bbox 569 353 845 409; x_wconf 75' lang='grc' dir='ltr'><em>Ψαμμήτιχος</em></span> <span class='ocrx_word' id='word_1_13' title='bbox 886 353 1147 405; x_wconf 68' lang='grc' dir='ltr'>βασιλεύσεις</span> <span class='ocrx_word' id='word_1_14' title='bbox 1181 350 1368 411; x_wconf 75' lang='grc' dir='ltr'><em>ἠθέλησε</em></span> <span class='ocrx_word' id='word_1_15' title='bbox 1410 356 1569 398; x_wconf 74' lang='grc' dir='ltr'><em>εἰδέναι</em></span> <span class='ocrx_word' id='word_1_16' title='bbox 1606 354 1766 404; x_wconf 77' lang='grc' dir='ltr'><em>οἵτινες</em></span> 
     </span>
     <span class='ocr_line' id='line_1_4' title="bbox 290 417 1816 483; baseline 0 -19"><span class='ocrx_word' id='word_1_17' title='bbox 290 424 493 477; x_wconf 66' lang='grc' dir='ltr'><em>γενοίατο</em></span> <span class='ocrx_word' id='word_1_18' title='bbox 516 425 687 476; x_wconf 76' lang='grc' dir='ltr'><em>πρῶτοι</em></span> <span class='ocrx_word' id='word_1_19' title='bbox 711 457 718 463; x_wconf 90' lang='grc'><strong>.</strong></span> <span class='ocrx_word' id='word_1_20' title='bbox 739 456 746 464; x_wconf 95' lang='grc'><strong><em>.</em></strong></span> <span class='ocrx_word' id='word_1_21' title='bbox 766 456 774 464; x_wconf 93' lang='grc'><strong>.</strong></span> <span class='ocrx_word' id='word_1_22' title='bbox 799 420 1071 477; x_wconf 72' lang='grc' dir='ltr'><em>Ψαμμήτιχος</em></span> <span class='ocrx_word' id='word_1_23' title='bbox 1091 424 1135 465; x_wconf 72' lang='grc' dir='ltr'>δὲ</span> <span class='ocrx_word' id='word_1_24' title='bbox 1158 417 1217 472; x_wconf 71' lang='grc' dir='ltr'>(ὃς</span> <span class='ocrx_word' id='word_1_25' title='bbox 1233 418 1315 466; x_wconf 74' lang='grc' dir='ltr'>οὐκ</span> <span class='ocrx_word' id='word_1_26' title='bbox 1332 421 1517 466; x_wconf 78' lang='grc' dir='ltr'><em>ἐδύνατο</em></span> <span class='ocrx_word' id='word_1_27' title='bbox 1535 417 1766 465; x_wconf 70' lang='grc' dir='ltr'><em>πυνθανὸ-</em></span> <span class='ocrx_word' id='word_1_28' title='bbox 1814 480 1816 483; x_wconf 22' lang='grc' dir='ltr'>ι</span> 
     </span>
     <span class='ocr_line' id='line_1_5' title="bbox 287 484 1814 546; baseline 0 -15"><span class='ocrx_word' id='word_1_29' title='bbox 287 506 418 544; x_wconf 73' lang='grc' dir='ltr'><em>μενος</em></span> <span class='ocrx_word' id='word_1_30' title='bbox 438 486 582 543; x_wconf 77' lang='grc' dir='ltr'><em>πόρον</em></span> <span class='ocrx_word' id='word_1_31' title='bbox 599 486 758 532; x_wconf 78' lang='grc' dir='ltr'><em>οὐδένα</em></span> <span class='ocrx_word' id='word_1_32' title='bbox 778 487 943 531; x_wconf 78' lang='grc' dir='ltr'><em>τούτου</em></span> <span class='ocrx_word' id='word_1_33' title='bbox 966 484 1166 544; x_wconf 71' lang='grc' dir='ltr'><em>ἀνευρεῖν</em></span> <span class='ocrx_word' id='word_1_34' title='bbox 1190 524 1198 531; x_wconf 96' lang='grc'><strong><em>.</em></strong></span> <span class='ocrx_word' id='word_1_35' title='bbox 1222 525 1230 533; x_wconf 92' lang='grc'><em>.</em></span> <span class='ocrx_word' id='word_1_36' title='bbox 1255 525 1263 533; x_wconf 93' lang='grc'><strong>.</strong></span> <span class='ocrx_word' id='word_1_37' title='bbox 1287 490 1564 546; x_wconf 75' lang='grc' dir='ltr'><em>ἐπιτεχνᾶται</em></span> <span class='ocrx_word' id='word_1_38' title='bbox 1579 485 1766 533; x_wconf 77' lang='grc' dir='ltr'><em>τοιόνδε.</em></span> <span class='ocrx_word' id='word_1_39' title='bbox 1813 534 1814 537; x_wconf 14' lang='lat'>¹</span> 
     </span>
     <span class='ocr_line' id='line_1_6' title="bbox 289 561 1766 613; baseline -0.001 -13"><span class='ocrx_word' id='word_1_40' title='bbox 289 563 352 600; x_wconf 87' lang='lat' dir='ltr'>Sic</span> <span class='ocrx_word' id='word_1_41' title='bbox 389 567 519 600; x_wconf 85' lang='lat' dir='ltr'>cetera</span> <span class='ocrx_word' id='word_1_42' title='bbox 556 575 714 611; x_wconf 89' lang='lat' dir='ltr'>quoque</span> <span class='ocrx_word' id='word_1_43' title='bbox 752 562 800 600; x_wconf 91' lang='lat' dir='ltr'>ad</span> <span class='ocrx_word' id='word_1_44' title='bbox 837 562 999 600; x_wconf 89' lang='lat' dir='ltr'>verbum</span> <span class='ocrx_word' id='word_1_45' title='bbox 1037 562 1118 600; x_wconf 88' lang='lat' dir='ltr'>fere</span> <span class='ocrx_word' id='word_1_46' title='bbox 1158 565 1418 613; x_wconf 76' lang='lat' dir='ltr'>transscripta</span> <span class='ocrx_word' id='word_1_47' title='bbox 1454 567 1556 613; x_wconf 91' lang='lat' dir='ltr'>sunt,</span> <span class='ocrx_word' id='word_1_48' title='bbox 1594 567 1636 601; x_wconf 87' lang='lat' dir='ltr'>ut</span> <span class='ocrx_word' id='word_1_49' title='bbox 1672 561 1766 601; x_wconf 85' lang='lat' dir='ltr'>satis</span> 
     </span>
     <span class='ocr_line' id='line_1_7' title="bbox 288 629 1766 688; baseline 0.001 -22"><span class='ocrx_word' id='word_1_50' title='bbox 288 630 451 667; x_wconf 80' lang='lat' dir='ltr'>habeam</span> <span class='ocrx_word' id='word_1_51' title='bbox 484 642 528 667; x_wconf 89' lang='lat' dir='ltr'>ea</span> <span class='ocrx_word' id='word_1_52' title='bbox 559 631 709 678; x_wconf 84' lang='lat' dir='ltr'>afferre,</span> <span class='ocrx_word' id='word_1_53' title='bbox 742 629 883 679; x_wconf 87' lang='lat' dir='ltr'>quibus</span> <span class='ocrx_word' id='word_1_54' title='bbox 915 630 1016 667; x_wconf 88' lang='lat' dir='ltr'>inter</span> <span class='ocrx_word' id='word_1_55' title='bbox 1044 641 1087 668; x_wconf 94' lang='lat' dir='ltr'>se</span> <span class='ocrx_word' id='word_1_56' title='bbox 1119 630 1327 668; x_wconf 89' lang='lat' dir='ltr'>discedunt</span> <span class='ocrx_word' id='word_1_57' title='bbox 1357 631 1547 669; x_wconf 87' lang='lat' dir='ltr'>scholium</span> <span class='ocrx_word' id='word_1_58' title='bbox 1579 635 1618 669; x_wconf 90' lang='lat' dir='ltr'>et</span> <span class='ocrx_word' id='word_1_59' title='bbox 1647 631 1766 688; x_wconf 72' lang='lat' dir='ltr'>histo-</span> 
     </span>
     <span class='ocr_line' id='line_1_8' title="bbox 290 697 1766 746; baseline 0.001 -12"><span class='ocrx_word' id='word_1_60' title='bbox 290 698 404 734; x_wconf 86' lang='lat' dir='ltr'>ricus.</span> <span class='ocrx_word' id='word_1_61' title='bbox 464 698 634 734; x_wconf 89' lang='lat' dir='ltr'>Primum</span> <span class='ocrx_word' id='word_1_62' title='bbox 667 709 712 735; x_wconf 89' lang='lat' dir='ltr'>ea</span> <span class='ocrx_word' id='word_1_63' title='bbox 743 709 844 746; x_wconf 87' lang='lat' dir='ltr'>quae</span> <span class='ocrx_word' id='word_1_64' title='bbox 876 697 1106 736; x_wconf 81' lang='lat' dir='ltr'>scholiastes</span> <span class='ocrx_word' id='word_1_65' title='bbox 1138 699 1268 735; x_wconf 86' lang='lat' dir='ltr'>statim</span> <span class='ocrx_word' id='word_1_66' title='bbox 1302 699 1467 737; x_wconf 85' lang='lat' dir='ltr'>inseruit</span> <span class='ocrx_word' id='word_1_67' title='bbox 1497 699 1687 737; x_wconf 86' lang='lat' dir='ltr'>sermonis</span> <span class='ocrx_word' id='word_1_68' title='bbox 1708 710 1766 736; x_wconf 87' lang='lat' dir='ltr'>or-</span> 
     </span>
     <span class='ocr_line' id='line_1_9' title="bbox 287 753 1767 817; baseline 0 -16"><span class='ocrx_word' id='word_1_69' title='bbox 287 764 365 801; x_wconf 85' lang='lat' dir='ltr'>dini</span> <span class='ocrx_word' id='word_1_70' title='bbox 398 764 420 802; x_wconf 92' lang='lat' dir='ltr'>l.</span> <span class='ocrx_word' id='word_1_71' title='bbox 442 767 510 803; x_wconf 77' lang='lat'>29:</span> <span class='ocrx_word' id='word_1_72' title='bbox 543 758 584 801; x_wconf 77' lang='grc' dir='ltr'>οἱ</span> <span class='ocrx_word' id='word_1_73' title='bbox 616 761 659 801; x_wconf 70' lang='grc' dir='ltr'>δὲ</span> <span class='ocrx_word' id='word_1_74' title='bbox 693 753 753 810; x_wconf 78' lang='grc' dir='ltr'>ὠς</span> <span class='ocrx_word' id='word_1_75' title='bbox 783 756 980 815; x_wconf 71' lang='grc' dir='ltr'><em>τροφούς</em></span> <span class='ocrx_word' id='word_1_76' title='bbox 1009 761 1252 817; x_wconf 77' lang='grc' dir='ltr'><em>παρέστησε</em></span> <span class='ocrx_word' id='word_1_77' title='bbox 1283 757 1360 811; x_wconf 70' lang='grc' dir='ltr'>τὰς</span> <span class='ocrx_word' id='word_1_78' title='bbox 1389 757 1585 816; x_wconf 79' lang='grc' dir='ltr'><em>γλώσσας</em></span> <span class='ocrx_word' id='word_1_79' title='bbox 1614 755 1767 802; x_wconf 67' lang='grc' dir='ltr'><em>αὐτῶν</em></span> 
     </span>
     <span class='ocr_line' id='line_1_10' title="bbox 287 823 1766 883; baseline 0.001 -16"><span class='ocrx_word' id='word_1_80' title='bbox 287 825 488 881; x_wconf 67' lang='grc' dir='ltr'><em>ἐκταμὼν</em></span> <span class='ocrx_word' id='word_1_81' title='bbox 529 823 643 869; x_wconf 78' lang='grc' dir='ltr'><em>ὥστε</em></span> <span class='ocrx_word' id='word_1_82' title='bbox 683 831 760 882; x_wconf 84' lang='grc' dir='ltr'>τῆς</span> <span class='ocrx_word' id='word_1_83' title='bbox 800 831 951 883; x_wconf 76' lang='grc' dir='ltr'><em>φωνῆς</em></span> <span class='ocrx_word' id='word_1_84' title='bbox 991 823 1143 870; x_wconf 69' lang='grc' dir='ltr'><em>αὐτῶν</em></span> <span class='ocrx_word' id='word_1_85' title='bbox 1186 827 1243 883; x_wconf 83' lang='grc' dir='ltr'><strong><em>μή</em></strong></span> <span class='ocrx_word' id='word_1_86' title='bbox 1285 824 1464 871; x_wconf 67' lang='grc' dir='ltr'><em>ἀκούειν</em></span> <span class='ocrx_word' id='word_1_87' title='bbox 1509 827 1565 871; x_wconf 77' lang='grc' dir='ltr'>τὰ</span> <span class='ocrx_word' id='word_1_88' title='bbox 1599 829 1766 879; x_wconf 77' lang='grc' dir='ltr'><em>παίδια,</em></span> 
     </span>
     <span class='ocr_line' id='line_1_11' title="bbox 287 899 1766 951; baseline 0 -14"><span class='ocrx_word' id='word_1_89' title='bbox 287 899 511 937; x_wconf 85' lang='lat' dir='ltr'>Herodotus</span> <span class='ocrx_word' id='word_1_90' title='bbox 542 900 579 937; x_wconf 91' lang='lat' dir='ltr'>in</span> <span class='ocrx_word' id='word_1_91' title='bbox 603 899 680 938; x_wconf 89' lang='lat' dir='ltr'>fine</span> <span class='ocrx_word' id='word_1_92' title='bbox 701 900 857 938; x_wconf 90' lang='lat' dir='ltr'>demum</span> <span class='ocrx_word' id='word_1_93' title='bbox 888 900 1040 938; x_wconf 75' lang='lat' dir='ltr'>addidit</span> <span class='ocrx_word' id='word_1_94' title='bbox 1071 902 1094 938; x_wconf 91' lang='lat' dir='ltr'>l.</span> <span class='ocrx_word' id='word_1_95' title='bbox 1117 904 1166 940; x_wconf 85' lang='grc'>21</span> <span class='ocrx_word' id='word_1_96' title='bbox 1198 905 1240 940; x_wconf 91' lang='lat' dir='ltr'>ut</span> <span class='ocrx_word' id='word_1_97' title='bbox 1261 902 1499 940; x_wconf 86' lang='lat' dir='ltr'>Graecorum</span> <span class='ocrx_word' id='word_1_98' title='bbox 1523 902 1766 951; x_wconf 76' lang='lat' dir='ltr'>opInionem:</span> 
     </span>
     <span class='ocr_line' id='line_1_12' title="bbox 277 956 1768 1019; baseline 0.001 -16"><span class='ocrx_word' id='word_1_99' title='bbox 277 956 475 1016; x_wconf 76' lang='grc' dir='ltr'><em>Ἕλληνες</em></span> <span class='ocrx_word' id='word_1_100' title='bbox 507 963 552 1004; x_wconf 75' lang='grc' dir='ltr'>δὲ</span> <span class='ocrx_word' id='word_1_101' title='bbox 584 963 759 1017; x_wconf 81' lang='grc' dir='ltr'><em>λέγουσι</em></span> <span class='ocrx_word' id='word_1_102' title='bbox 792 959 902 1004; x_wconf 70' lang='grc' dir='ltr'><em>ἄλλα</em></span> <span class='ocrx_word' id='word_1_103' title='bbox 925 980 970 1005; x_wconf 76' lang='grc' dir='ltr'>τε</span> <span class='ocrx_word' id='word_1_104' title='bbox 996 961 1158 1018; x_wconf 84' lang='grc' dir='ltr'><em>μάταια</em></span> <span class='ocrx_word' id='word_1_105' title='bbox 1186 962 1334 1007; x_wconf 85' lang='grc' dir='ltr'><em>πολλὰ</em></span> <span class='ocrx_word' id='word_1_106' title='bbox 1363 966 1436 1006; x_wconf 79' lang='grc' dir='ltr'>καὶ</span> <span class='ocrx_word' id='word_1_107' title='bbox 1464 958 1523 1014; x_wconf 73' lang='grc' dir='ltr'>ὡς</span> <span class='ocrx_word' id='word_1_108' title='bbox 1544 966 1768 1019; x_wconf 78' lang='grc' dir='ltr'><em>γυναικῶν</em></span> 
     </span>
     <span class='ocr_line' id='line_1_13' title="bbox 286 1024 1766 1086; baseline 0.001 -15"><span class='ocrx_word' id='word_1_109' title='bbox 286 1028 362 1078; x_wconf 80' lang='grc' dir='ltr'>τὰς</span> <span class='ocrx_word' id='word_1_110' title='bbox 384 1027 579 1084; x_wconf 76' lang='grc' dir='ltr'>γλώσσας</span> <span class='ocrx_word' id='word_1_111' title='bbox 602 1024 624 1072; x_wconf 83' lang='grc' dir='ltr'>ὁ</span> <span class='ocrx_word' id='word_1_112' title='bbox 651 1028 929 1086; x_wconf 79' lang='grc' dir='ltr'>Ψαμμήτιχος</span> <span class='ocrx_word' id='word_1_113' title='bbox 958 1030 1163 1086; x_wconf 70' lang='grc' dir='ltr'><em>ἐκταμὼν</em></span> <span class='ocrx_word' id='word_1_114' title='bbox 1183 1030 1266 1086; x_wconf 71' lang='grc' dir='ltr'>τὴν</span> <span class='ocrx_word' id='word_1_115' title='bbox 1287 1034 1458 1074; x_wconf 74' lang='grc' dir='ltr'><em>δίαιταν</em></span> <span class='ocrx_word' id='word_1_116' title='bbox 1481 1027 1600 1074; x_wconf 72' lang='grc' dir='ltr'><em>οὕτω</em></span> <span class='ocrx_word' id='word_1_117' title='bbox 1622 1029 1766 1086; x_wconf 76' lang='grc' dir='ltr'><em>ἐποιή-</em></span> 
     </span>
     <span class='ocr_line' id='line_1_14' title="bbox 287 1099 1766 1154; baseline 0.002 -16"><span class='ocrx_word' id='word_1_118' title='bbox 287 1109 393 1140; x_wconf 87' lang='grc' dir='ltr'><em>σατο</em></span> <span class='ocrx_word' id='word_1_119' title='bbox 424 1100 518 1139; x_wconf 79' lang='grc' dir='ltr'>τῶν</span> <span class='ocrx_word' id='word_1_120' title='bbox 547 1099 722 1140; x_wconf 78' lang='grc' dir='ltr'><em>παίδων</em></span> <span class='ocrx_word' id='word_1_121' title='bbox 753 1101 933 1152; x_wconf 72' lang='grc' dir='ltr'><em>ταυτῇσι</em></span> <span class='ocrx_word' id='word_1_122' title='bbox 964 1102 1058 1152; x_wconf 71' lang='grc' dir='ltr'><em>τῇσι</em></span> <span class='ocrx_word' id='word_1_123' title='bbox 1089 1101 1328 1154; x_wconf 53' lang='grc' dir='ltr'><em>γυναιξίᾞ)</em></span> <span class='ocrx_word' id='word_1_124' title='bbox 1388 1105 1542 1144; x_wconf 80' lang='lat' dir='ltr'>Deinde</span> <span class='ocrx_word' id='word_1_125' title='bbox 1574 1106 1612 1143; x_wconf 91' lang='lat' dir='ltr'>in</span> <span class='ocrx_word' id='word_1_126' title='bbox 1643 1104 1766 1143; x_wconf 88' lang='lat' dir='ltr'>schol.</span> 
     </span>
     <span class='ocr_line' id='line_1_15' title="bbox 287 1161 1767 1224; baseline 0.001 -17"><span class='ocrx_word' id='word_1_127' title='bbox 287 1170 352 1216; x_wconf 89' lang='lat' dir='ltr'>(cf.</span> <span class='ocrx_word' id='word_1_128' title='bbox 383 1169 502 1216; x_wconf 82' lang='lat' dir='ltr'>Suid.)</span> <span class='ocrx_word' id='word_1_129' title='bbox 539 1171 720 1220; x_wconf 88' lang='lat' dir='ltr'>legimus:</span> <span class='ocrx_word' id='word_1_130' title='bbox 761 1161 1072 1221; x_wconf 75' lang='grc' dir='ltr'><em>ἀπαλλαγέντα</em></span> <span class='ocrx_word' id='word_1_131' title='bbox 1110 1170 1202 1209; x_wconf 80' lang='grc' dir='ltr'>τῶν</span> <span class='ocrx_word' id='word_1_132' title='bbox 1241 1163 1421 1223; x_wconf 71' lang='grc' dir='ltr'><em>ἀσήμων</em></span> <span class='ocrx_word' id='word_1_133' title='bbox 1461 1165 1767 1224; x_wconf 72' lang='grc' dir='ltr'><em>κνυζημάτων,</em></span> 
     </span>
     <span class='ocr_line' id='line_1_16' title="bbox 287 1235 1767 1301; baseline 0.001 -15"><span class='ocrx_word' id='word_1_134' title='bbox 287 1249 391 1298; x_wconf 84' lang='lat' dir='ltr'>apud</span> <span class='ocrx_word' id='word_1_135' title='bbox 423 1249 664 1288; x_wconf 84' lang='lat' dir='ltr'>Herodotum</span> <span class='ocrx_word' id='word_1_136' title='bbox 704 1251 741 1287; x_wconf 90' lang='lat' dir='ltr'>in</span> <span class='ocrx_word' id='word_1_137' title='bbox 771 1251 805 1288; x_wconf 88' lang='lat' dir='ltr'>R</span> <span class='ocrx_word' id='word_1_138' title='bbox 837 1235 1200 1301; x_wconf 64' lang='grc' dir='ltr'><em>(ἷπῆλαχθέντων,</em></span> <span class='ocrx_word' id='word_1_139' title='bbox 1242 1252 1279 1289; x_wconf 91' lang='lat' dir='ltr'>in</span> <span class='ocrx_word' id='word_1_140' title='bbox 1318 1252 1402 1289; x_wconf 87' lang='lat' dir='ltr'>aliis</span> <span class='ocrx_word' id='word_1_141' title='bbox 1430 1252 1540 1290; x_wconf 88' lang='lat' dir='ltr'>libris</span> <span class='ocrx_word' id='word_1_142' title='bbox 1579 1242 1767 1288; x_wconf 78' lang='grc' dir='ltr'><em>ἀπαλλα-</em></span> 
     </span>
     <span class='ocr_line' id='line_1_17' title="bbox 285 1307 1768 1369; baseline 0.003 -17"><span class='ocrx_word' id='word_1_143' title='bbox 285 1312 490 1365; x_wconf 77' lang='grc' dir='ltr'><em>χθέντων</em></span> <span class='ocrx_word' id='word_1_144' title='bbox 521 1328 556 1354; x_wconf 89' lang='grc' dir='ltr'>τ.</span> <span class='ocrx_word' id='word_1_145' title='bbox 582 1307 620 1354; x_wconf 68' lang='grc' dir='ltr'>(Ξ.</span> <span class='ocrx_word' id='word_1_146' title='bbox 644 1329 694 1363; x_wconf 74' lang='grc' dir='ltr'>κ.,</span> <span class='ocrx_word' id='word_1_147' title='bbox 728 1318 756 1356; x_wconf 87' lang='lat' dir='ltr'>C</span> <span class='ocrx_word' id='word_1_148' title='bbox 788 1307 1147 1369; x_wconf 65' lang='grc' dir='ltr'><em>ἀπαλλαγέντων.</em></span> <span class='ocrx_word' id='word_1_149' title='bbox 1197 1320 1276 1357; x_wconf 83' lang='lat' dir='ltr'>Iam</span> <span class='ocrx_word' id='word_1_150' title='bbox 1310 1323 1439 1357; x_wconf 88' lang='lat' dir='ltr'>utrum</span> <span class='ocrx_word' id='word_1_151' title='bbox 1472 1319 1630 1368; x_wconf 86' lang='lat' dir='ltr'>rectius,</span> <span class='ocrx_word' id='word_1_152' title='bbox 1661 1319 1768 1357; x_wconf 88' lang='lat' dir='ltr'>dubi-</span> 
     </span>
     <span class='ocr_line' id='line_1_18' title="bbox 286 1376 1767 1437; baseline 0.001 -16"><span class='ocrx_word' id='word_1_153' title='bbox 286 1385 358 1421; x_wconf 87' lang='lat' dir='ltr'>tari</span> <span class='ocrx_word' id='word_1_154' title='bbox 390 1397 469 1422; x_wconf 89' lang='lat' dir='ltr'>nou</span> <span class='ocrx_word' id='word_1_155' title='bbox 500 1389 641 1435; x_wconf 88' lang='lat' dir='ltr'>potest.</span> <span class='ocrx_word' id='word_1_156' title='bbox 702 1387 801 1423; x_wconf 86' lang='lat' dir='ltr'>Nam</span> <span class='ocrx_word' id='word_1_157' title='bbox 842 1390 884 1424; x_wconf 89' lang='lat' dir='ltr'>ut</span> <span class='ocrx_word' id='word_1_158' title='bbox 921 1376 1231 1437; x_wconf 68' lang='grc' dir='ltr'><em>ἀπαλλαγέντα</em></span> <span class='ocrx_word' id='word_1_159' title='bbox 1267 1385 1360 1423; x_wconf 73' lang='grc' dir='ltr'>τῶν</span> <span class='ocrx_word' id='word_1_160' title='bbox 1400 1377 1578 1437; x_wconf 77' lang='grc' dir='ltr'><em>ἀσήμων</em></span> <span class='ocrx_word' id='word_1_161' title='bbox 1612 1387 1767 1437; x_wconf 71' lang='grc' dir='ltr'><em>κνυζη-</em></span> 
     </span>
     <span class='ocr_line' id='line_1_19' title="bbox 286 1443 1770 1504; baseline 0.003 -16"><span class='ocrx_word' id='word_1_162' title='bbox 286 1443 439 1501; x_wconf 77' lang='grc' dir='ltr'><em>μάτων</em></span> <span class='ocrx_word' id='word_1_163' title='bbox 490 1466 618 1491; x_wconf 82' lang='lat' dir='ltr'>merae</span> <span class='ocrx_word' id='word_1_164' title='bbox 666 1455 866 1492; x_wconf 85' lang='lat' dir='ltr'>mutationi</span> <span class='ocrx_word' id='word_1_165' title='bbox 913 1455 1148 1493; x_wconf 79' lang='lat' dir='ltr'>scholiastae</span> <span class='ocrx_word' id='word_1_166' title='bbox 1199 1454 1381 1504; x_wconf 84' lang='lat' dir='ltr'>debetur,</span> <span class='ocrx_word' id='word_1_167' title='bbox 1432 1456 1484 1493; x_wconf 89' lang='lat' dir='ltr'>ita</span> <span class='ocrx_word' id='word_1_168' title='bbox 1533 1455 1633 1493; x_wconf 88' lang='lat' dir='ltr'>bene</span> <span class='ocrx_word' id='word_1_169' title='bbox 1677 1455 1770 1492; x_wconf 87' lang='lat' dir='ltr'>fecit</span> 
     </span>
     <span class='ocr_line' id='line_1_20' title="bbox 287 1513 1770 1570; baseline 0 -12"><span class='ocrx_word' id='word_1_170' title='bbox 287 1520 468 1568; x_wconf 83' lang='lat' dir='ltr'>Steinius‚</span> <span class='ocrx_word' id='word_1_171' title='bbox 499 1521 605 1570; x_wconf 83' lang='lat' dir='ltr'>quod</span> <span class='ocrx_word' id='word_1_172' title='bbox 637 1526 773 1559; x_wconf 84' lang='lat' dir='ltr'>contra</span> <span class='ocrx_word' id='word_1_173' title='bbox 804 1522 949 1560; x_wconf 88' lang='lat' dir='ltr'>codicis</span> <span class='ocrx_word' id='word_1_174' title='bbox 977 1522 1005 1561; x_wconf 82' lang='lat' dir='ltr'>O</span> <span class='ocrx_word' id='word_1_175' title='bbox 1037 1525 1074 1560; x_wconf 90' lang='lat' dir='ltr'>et</span> <span class='ocrx_word' id='word_1_176' title='bbox 1105 1522 1240 1560; x_wconf 90' lang='lat' dir='ltr'>scholii</span> <span class='ocrx_word' id='word_1_177' title='bbox 1272 1524 1543 1561; x_wconf 74' lang='lat' dir='ltr'>auctoritatem</span> <span class='ocrx_word' id='word_1_178' title='bbox 1576 1513 1770 1560; x_wconf 69' lang='grc' dir='ltr'><em>ἀπαλλα-</em></span> 
     </span>
     <span class='ocr_line' id='line_1_21' title="bbox 290 1582 1768 1640; baseline 0.003 -17"><span class='ocrx_word' id='word_1_179' title='bbox 290 1582 494 1636; x_wconf 77' lang='grc' dir='ltr'><em>χθέντων</em></span> <span class='ocrx_word' id='word_1_180' title='bbox 535 1589 572 1627; x_wconf 91' lang='lat' dir='ltr'>in</span> <span class='ocrx_word' id='word_1_181' title='bbox 614 1592 761 1627; x_wconf 79' lang='lat' dir='ltr'>textum</span> <span class='ocrx_word' id='word_1_182' title='bbox 805 1591 964 1640; x_wconf 88' lang='lat' dir='ltr'>recepit.</span> <span class='ocrx_word' id='word_1_183' title='bbox 1023 1590 1178 1628; x_wconf 79' lang='lat' dir='ltr'>Deinde</span> <span class='ocrx_word' id='word_1_184' title='bbox 1219 1591 1323 1640; x_wconf 88' lang='lat' dir='ltr'>apud</span> <span class='ocrx_word' id='word_1_185' title='bbox 1365 1591 1610 1629; x_wconf 86' lang='lat' dir='ltr'>Herodotum</span> <span class='ocrx_word' id='word_1_186' title='bbox 1650 1594 1689 1629; x_wconf 91' lang='lat' dir='ltr'>et</span> <span class='ocrx_word' id='word_1_187' title='bbox 1730 1591 1768 1628; x_wconf 92' lang='lat' dir='ltr'>in</span> 
     </span>
     <span class='ocr_line' id='line_1_22' title="bbox 288 1649 1769 1709; baseline 0.003 -17"><span class='ocrx_word' id='word_1_188' title='bbox 288 1654 410 1693; x_wconf 80' lang='lat' dir='ltr'>lexico</span> <span class='ocrx_word' id='word_1_189' title='bbox 434 1655 789 1704; x_wconf 63' lang='lat' dir='ltr'>vindobonensiffl)</span> <span class='ocrx_word' id='word_1_190' title='bbox 830 1662 868 1696; x_wconf 88' lang='lat' dir='ltr'>et</span> <span class='ocrx_word' id='word_1_191' title='bbox 898 1658 1021 1695; x_wconf 88' lang='lat' dir='ltr'>schol.</span> <span class='ocrx_word' id='word_1_192' title='bbox 1042 1659 1173 1707; x_wconf 83' lang='lat' dir='ltr'><strong>Apoll.</strong></span> <span class='ocrx_word' id='word_1_193' title='bbox 1196 1658 1321 1696; x_wconf 86' lang='lat' dir='ltr'>Rhod.</span> <span class='ocrx_word' id='word_1_194' title='bbox 1348 1658 1413 1707; x_wconf 80' lang='lat' dir='ltr'>IV,</span> <span class='ocrx_word' id='word_1_195' title='bbox 1436 1661 1514 1698; x_wconf 83' lang='lat'>262</span> <span class='ocrx_word' id='word_1_196' title='bbox 1549 1649 1688 1709; x_wconf 76' lang='grc' dir='ltr'><em>ὁιετὴς</em></span> <span class='ocrx_word' id='word_1_197' title='bbox 1718 1658 1769 1696; x_wconf 92' lang='grc'>16-</span> 
     </span>
     <span class='ocr_line' id='line_1_23' title="bbox 288 1723 1768 1775; baseline 0.001 -15"><span class='ocrx_word' id='word_1_198' title='bbox 288 1723 394 1769; x_wconf 80' lang='lat' dir='ltr'>gitur</span> <span class='ocrx_word' id='word_1_199' title='bbox 424 1723 530 1773; x_wconf 89' lang='lat' dir='ltr'>apud</span> <span class='ocrx_word' id='word_1_200' title='bbox 552 1724 778 1774; x_wconf 88' lang='lat' dir='ltr'>Didymum,</span> <span class='ocrx_word' id='word_1_201' title='bbox 809 1725 870 1763; x_wconf 90' lang='lat' dir='ltr'>cui</span> <span class='ocrx_word' id='word_1_202' title='bbox 903 1726 1094 1764; x_wconf 91' lang='lat' dir='ltr'>scholium</span> <span class='ocrx_word' id='word_1_203' title='bbox 1117 1726 1249 1764; x_wconf 87' lang='lat' dir='ltr'>deberi</span> <span class='ocrx_word' id='word_1_204' title='bbox 1281 1738 1318 1775; x_wconf 90' lang='lat' dir='ltr'>p.</span> <span class='ocrx_word' id='word_1_205' title='bbox 1341 1729 1418 1765; x_wconf 79' lang='lat'>231</span> <span class='ocrx_word' id='word_1_206' title='bbox 1451 1725 1631 1771; x_wconf 83' lang='lat' dir='ltr'>vidimus,</span> <span class='ocrx_word' id='word_1_207' title='bbox 1662 1736 1768 1775; x_wconf 79' lang='grc' dir='ltr'><em>τριε-</em></span> 
     </span>
     <span class='ocr_line' id='line_1_24' title="bbox 287 1780 1767 1843; baseline 0.003 -17"><span class='ocrx_word' id='word_1_208' title='bbox 287 1780 365 1839; x_wconf 82' lang='grc' dir='ltr'>τής</span> <span class='ocrx_word' id='word_1_209' title='bbox 397 1791 502 1840; x_wconf 90' lang='lat' dir='ltr'>qnod</span> <span class='ocrx_word' id='word_1_210' title='bbox 535 1804 554 1829; x_wconf 87' lang='lat' dir='ltr'>e</span> <span class='ocrx_word' id='word_1_211' title='bbox 586 1793 836 1841; x_wconf 80' lang='lat' dir='ltr'>neglegentia</span> <span class='ocrx_word' id='word_1_212' title='bbox 867 1793 1109 1842; x_wconf 78' lang='lat' dir='ltr'>grammatici</span> <span class='ocrx_word' id='word_1_213' title='bbox 1141 1797 1268 1832; x_wconf 86' lang='lat' dir='ltr'>ortum</span> <span class='ocrx_word' id='word_1_214' title='bbox 1301 1806 1386 1832; x_wconf 90' lang='lat' dir='ltr'>esse</span> <span class='ocrx_word' id='word_1_215' title='bbox 1423 1794 1516 1843; x_wconf 85' lang='lat' dir='ltr'>sive,</span> <span class='ocrx_word' id='word_1_216' title='bbox 1547 1806 1635 1831; x_wconf 90' lang='lat' dir='ltr'>cum</span> <span class='ocrx_word' id='word_1_217' title='bbox 1667 1793 1767 1831; x_wconf 86' lang='lat' dir='ltr'>idem</span> 
     </span>
     <span class='ocr_line' id='line_1_25' title="bbox 287 1858 1769 1910; baseline 0.001 -14"><span class='ocrx_word' id='word_1_218' title='bbox 287 1861 326 1897; x_wconf 89' lang='lat' dir='ltr'>in</span> <span class='ocrx_word' id='word_1_219' title='bbox 359 1858 481 1896; x_wconf 86' lang='lat' dir='ltr'>altero</span> <span class='ocrx_word' id='word_1_220' title='bbox 513 1860 662 1898; x_wconf 86' lang='lat' dir='ltr'>scholio</span> <span class='ocrx_word' id='word_1_221' title='bbox 694 1861 860 1910; x_wconf 83' lang='lat' dir='ltr'>legatur,</span> <span class='ocrx_word' id='word_1_222' title='bbox 899 1861 1047 1899; x_wconf 86' lang='lat' dir='ltr'>librarii</span> <span class='ocrx_word' id='word_1_223' title='bbox 1086 1861 1286 1899; x_wconf 88' lang='lat' dir='ltr'>cuiusdam</span> <span class='ocrx_word' id='word_1_224' title='bbox 1326 1874 1403 1899; x_wconf 90' lang='lat' dir='ltr'>non</span> <span class='ocrx_word' id='word_1_225' title='bbox 1442 1861 1555 1899; x_wconf 90' lang='lat' dir='ltr'>nimis</span> <span class='ocrx_word' id='word_1_226' title='bbox 1591 1862 1769 1906; x_wconf 85' lang='lat' dir='ltr'>recentis,</span> 
     </span>
     <span class='ocr_line' id='line_1_26' title="bbox 287 1925 1771 1978; baseline 0.003 -16"><span class='ocrx_word' id='word_1_227' title='bbox 287 1926 351 1962; x_wconf 91' lang='lat' dir='ltr'>vel</span> <span class='ocrx_word' id='word_1_228' title='bbox 382 1925 473 1963; x_wconf 83' lang='lat' dir='ltr'>inde</span> <span class='ocrx_word' id='word_1_229' title='bbox 505 1930 682 1977; x_wconf 87' lang='lat' dir='ltr'>apparet,</span> <span class='ocrx_word' id='word_1_230' title='bbox 722 1928 825 1977; x_wconf 86' lang='lat' dir='ltr'>quod</span> <span class='ocrx_word' id='word_1_231' title='bbox 857 1929 1002 1978; x_wconf 86' lang='lat' dir='ltr'>primas</span> <span class='ocrx_word' id='word_1_232' title='bbox 1033 1941 1152 1967; x_wconf 89' lang='lat' dir='ltr'>voces</span> <span class='ocrx_word' id='word_1_233' title='bbox 1184 1929 1389 1967; x_wconf 85' lang='lat' dir='ltr'>distinctas</span> <span class='ocrx_word' id='word_1_234' title='bbox 1430 1929 1607 1966; x_wconf 84' lang='lat' dir='ltr'>emittere</span> <span class='ocrx_word' id='word_1_235' title='bbox 1644 1929 1771 1967; x_wconf 85' lang='lat' dir='ltr'>solent</span> 
     </span>
    </p>
   </div>
   <div class='ocr_carea' id='block_1_3' title="bbox 289 2014 426 2017">
    <p class='ocr_par' dir='ltr' id='par_1_3' title="bbox 289 2014 426 2017">
     <span class='ocr_line' id='line_1_27' title="bbox 289 2014 426 2017; baseline 0 0"><span class='ocrx_word' id='word_1_236' title='bbox 289 2014 426 2017; x_wconf 95' lang='lat' dir='ltr'> </span> 
     </span>
    </p>
   </div>
   <div class='ocr_carea' id='block_1_4' title="bbox 428 2014 554 2018">
    <p class='ocr_par' dir='ltr' id='par_1_4' title="bbox 428 2014 554 2018">
     <span class='ocr_line' id='line_1_28' title="bbox 428 2014 554 2018; baseline 0 0"><span class='ocrx_word' id='word_1_237' title='bbox 428 2014 554 2018; x_wconf 95' lang='lat' dir='ltr'> </span> 
     </span>
    </p>
   </div>
   <div class='ocr_carea' id='block_1_5' title="bbox 287 2068 1770 2842">
    <p class='ocr_par' dir='ltr' id='par_1_5' title="bbox 287 2068 1770 2776">
     <span class='ocr_line' id='line_1_29' title="bbox 402 2068 1768 2115; baseline 0.001 -13"><span class='ocrx_word' id='word_1_238' title='bbox 402 2071 444 2110; x_wconf 87' lang='lat'>¹¹)</span> <span class='ocrx_word' id='word_1_239' title='bbox 479 2068 580 2103; x_wconf 88' lang='lat' dir='ltr'>Idem</span> <span class='ocrx_word' id='word_1_240' title='bbox 606 2073 730 2103; x_wconf 87' lang='lat' dir='ltr'>narrat</span> <span class='ocrx_word' id='word_1_241' title='bbox 755 2069 1003 2110; x_wconf 80' lang='lat' dir='ltr'>Quintilianus</span> <span class='ocrx_word' id='word_1_242' title='bbox 1020 2069 1065 2113; x_wconf 82' lang='grc' dir='ltr'>Χ,</span> <span class='ocrx_word' id='word_1_243' title='bbox 1086 2073 1100 2104; x_wconf 92' lang='grc'><strong>1</strong></span> <span class='ocrx_word' id='word_1_244' title='bbox 1128 2071 1147 2115; x_wconf 64' lang='grc' dir='ltr'>ξ</span> <span class='ocrx_word' id='word_1_245' title='bbox 1170 2073 1227 2104; x_wconf 86' lang='lat'>10:</span> <span class='ocrx_word' id='word_1_246' title='bbox 1261 2079 1421 2108; x_wconf 82' lang='lat' dir='ltr'>„omnem</span> <span class='ocrx_word' id='word_1_247' title='bbox 1447 2070 1542 2103; x_wconf 90' lang='lat' dir='ltr'>enim</span> <span class='ocrx_word' id='word_1_248' title='bbox 1569 2079 1768 2104; x_wconf 88' lang='lat' dir='ltr'>sermonem</span> 
     </span>
     <span class='ocr_line' id='line_1_30' title="bbox 287 2124 1769 2169; baseline 0.002 -12"><span class='ocrx_word' id='word_1_249' title='bbox 287 2124 437 2158; x_wconf 85' lang='lat' dir='ltr'>auribus</span> <span class='ocrx_word' id='word_1_250' title='bbox 463 2125 617 2168; x_wconf 88' lang='lat' dir='ltr'>primum</span> <span class='ocrx_word' id='word_1_251' title='bbox 642 2125 853 2168; x_wconf 77' lang='lat' dir='ltr'>accipimus.</span> <span class='ocrx_word' id='word_1_252' title='bbox 894 2129 1047 2169; x_wconf 88' lang='lat' dir='ltr'>propter</span> <span class='ocrx_word' id='word_1_253' title='bbox 1072 2125 1171 2169; x_wconf 85' lang='lat' dir='ltr'>quod</span> <span class='ocrx_word' id='word_1_254' title='bbox 1196 2125 1356 2159; x_wconf 86' lang='lat' dir='ltr'>infantes</span> <span class='ocrx_word' id='word_1_255' title='bbox 1381 2136 1402 2159; x_wconf 86' lang='lat' dir='ltr'>a</span> <span class='ocrx_word' id='word_1_256' title='bbox 1427 2125 1537 2159; x_wconf 89' lang='lat' dir='ltr'>mutis</span> <span class='ocrx_word' id='word_1_257' title='bbox 1563 2125 1769 2160; x_wconf 88' lang='lat' dir='ltr'>nutricibus</span> 
     </span>
     <span class='ocr_line' id='line_1_31' title="bbox 288 2180 1770 2224; baseline 0.001 -12"><span class='ocrx_word' id='word_1_258' title='bbox 288 2180 390 2213; x_wconf 88' lang='lat' dir='ltr'>iussu</span> <span class='ocrx_word' id='word_1_259' title='bbox 416 2190 541 2224; x_wconf 90' lang='lat' dir='ltr'>regum</span> <span class='ocrx_word' id='word_1_260' title='bbox 567 2181 603 2214; x_wconf 93' lang='lat' dir='ltr'>in</span> <span class='ocrx_word' id='word_1_261' title='bbox 629 2181 823 2215; x_wconf 86' lang='lat' dir='ltr'>solitudine</span> <span class='ocrx_word' id='word_1_262' title='bbox 850 2181 997 2215; x_wconf 86' lang='lat' dir='ltr'>educati</span> <span class='ocrx_word' id='word_1_263' title='bbox 1023 2181 1164 2215; x_wconf 84' lang='lat' dir='ltr'>etiamsi</span> <span class='ocrx_word' id='word_1_264' title='bbox 1186 2181 1297 2215; x_wconf 83' lang='lat' dir='ltr'>verba</span> <span class='ocrx_word' id='word_1_265' title='bbox 1314 2181 1491 2224; x_wconf 83' lang='lat' dir='ltr'>quaedam</span> <span class='ocrx_word' id='word_1_266' title='bbox 1511 2180 1676 2215; x_wconf 86' lang='lat' dir='ltr'>emisisse</span> <span class='ocrx_word' id='word_1_267' title='bbox 1700 2185 1770 2215; x_wconf 86' lang='lat' dir='ltr'>tra-</span> 
     </span>
     <span class='ocr_line' id='line_1_32' title="bbox 288 2236 1769 2280; baseline 0.001 -11"><span class='ocrx_word' id='word_1_268' title='bbox 288 2236 436 2279; x_wconf 83' lang='lat' dir='ltr'>duntur,</span> <span class='ocrx_word' id='word_1_269' title='bbox 462 2241 583 2270; x_wconf 87' lang='lat' dir='ltr'>tamen</span> <span class='ocrx_word' id='word_1_270' title='bbox 608 2237 785 2280; x_wconf 88' lang='lat' dir='ltr'>loquendi</span> <span class='ocrx_word' id='word_1_271' title='bbox 802 2236 975 2271; x_wconf 85' lang='lat' dir='ltr'>facultate</span> <span class='ocrx_word' id='word_1_272' title='bbox 1000 2241 1226 2272; x_wconf 81' lang='lat' dir='ltr'>caruerunt“.</span> <span class='ocrx_word' id='word_1_273' title='bbox 1275 2237 1403 2271; x_wconf 82' lang='lat' dir='ltr'>Liceat</span> <span class='ocrx_word' id='word_1_274' title='bbox 1420 2236 1504 2270; x_wconf 90' lang='lat' dir='ltr'>mihi</span> <span class='ocrx_word' id='word_1_275' title='bbox 1530 2236 1589 2271; x_wconf 89' lang='lat' dir='ltr'>hic</span> <span class='ocrx_word' id='word_1_276' title='bbox 1614 2246 1769 2271; x_wconf 88' lang='lat' dir='ltr'>errorem</span> 
     </span>
     <span class='ocr_line' id='line_1_33' title="bbox 288 2291 1768 2336; baseline 0.001 -11"><span class='ocrx_word' id='word_1_277' title='bbox 288 2291 495 2335; x_wconf 87' lang='lat' dir='ltr'>vituperare</span> <span class='ocrx_word' id='word_1_278' title='bbox 520 2293 555 2326; x_wconf 91' lang='lat' dir='ltr'>in</span> <span class='ocrx_word' id='word_1_279' title='bbox 573 2293 744 2327; x_wconf 89' lang='lat' dir='ltr'>omnibus</span> <span class='ocrx_word' id='word_1_280' title='bbox 763 2293 996 2334; x_wconf 82' lang='lat' dir='ltr'>editionibus,</span> <span class='ocrx_word' id='word_1_281' title='bbox 1023 2293 1144 2336; x_wconf 86' lang='lat' dir='ltr'>quoad</span> <span class='ocrx_word' id='word_1_282' title='bbox 1162 2293 1248 2335; x_wconf 92' lang='lat' dir='ltr'>vidi,</span> <span class='ocrx_word' id='word_1_283' title='bbox 1275 2297 1488 2327; x_wconf 80' lang='lat' dir='ltr'>exstantem.</span> <span class='ocrx_word' id='word_1_284' title='bbox 1528 2292 1768 2336; x_wconf 83' lang='lat' dir='ltr'>Spaldingius</span> 
     </span>
     <span class='ocr_line' id='line_1_34' title="bbox 289 2348 1769 2392; baseline 0.001 -12"><span class='ocrx_word' id='word_1_285' title='bbox 289 2348 393 2391; x_wconf 83' lang='lat' dir='ltr'>enim,</span> <span class='ocrx_word' id='word_1_286' title='bbox 419 2348 667 2390; x_wconf 77' lang='lat' dir='ltr'>Frotscherus,</span> <span class='ocrx_word' id='word_1_287' title='bbox 693 2349 920 2392; x_wconf 90' lang='lat' dir='ltr'>Bonnellius‚</span> <span class='ocrx_word' id='word_1_288' title='bbox 946 2350 1167 2384; x_wconf 85' lang='lat' dir='ltr'>novissimus</span> <span class='ocrx_word' id='word_1_289' title='bbox 1193 2349 1404 2392; x_wconf 87' lang='lat' dir='ltr'>Kruegerus</span> <span class='ocrx_word' id='word_1_290' title='bbox 1430 2349 1546 2392; x_wconf 85' lang='lat' dir='ltr'>patris</span> <span class='ocrx_word' id='word_1_291' title='bbox 1571 2349 1769 2383; x_wconf 83' lang='lat' dir='ltr'>editionem</span> 
     </span>
     <span class='ocr_line' id='line_1_35' title="bbox 289 2405 1768 2449; baseline 0.001 -12"><span class='ocrx_word' id='word_1_292' title='bbox 289 2414 421 2438; x_wconf 86' lang='lat' dir='ltr'>curans</span> <span class='ocrx_word' id='word_1_293' title='bbox 455 2405 522 2439; x_wconf 86' lang='lat' dir='ltr'>hoc</span> <span class='ocrx_word' id='word_1_294' title='bbox 556 2407 684 2443; x_wconf 69' lang='lat' dir='ltr'>„mutis</span> <span class='ocrx_word' id='word_1_295' title='bbox 709 2406 937 2440; x_wconf 80' lang='lat' dir='ltr'>nutricibus“</span> <span class='ocrx_word' id='word_1_296' title='bbox 971 2406 1108 2440; x_wconf 86' lang='lat' dir='ltr'>dictum</span> <span class='ocrx_word' id='word_1_297' title='bbox 1142 2410 1276 2449; x_wconf 85' lang='lat' dir='ltr'>putant</span> <span class='ocrx_word' id='word_1_298' title='bbox 1306 2406 1351 2439; x_wconf 89' lang='lat' dir='ltr'>de</span> <span class='ocrx_word' id='word_1_299' title='bbox 1382 2405 1534 2449; x_wconf 85' lang='lat' dir='ltr'>capellis</span> <span class='ocrx_word' id='word_1_300' title='bbox 1565 2410 1607 2439; x_wconf 84' lang='lat' dir='ltr'>ut</span> <span class='ocrx_word' id='word_1_301' title='bbox 1638 2405 1768 2440; x_wconf 78' lang='lat' dir='ltr'>bestiis</span> 
     </span>
     <span class='ocr_line' id='line_1_36' title="bbox 289 2460 1768 2505; baseline 0.001 -12"><span class='ocrx_word' id='word_1_302' title='bbox 289 2461 410 2504; x_wconf 87' lang='lat' dir='ltr'>mutis,</span> <span class='ocrx_word' id='word_1_303' title='bbox 438 2465 474 2495; x_wconf 84' lang='lat' dir='ltr'>et</span> <span class='ocrx_word' id='word_1_304' title='bbox 498 2461 547 2494; x_wconf 80' lang='lat' dir='ltr'>ita</span> <span class='ocrx_word' id='word_1_305' title='bbox 573 2462 642 2495; x_wconf 87' lang='lat' dir='ltr'>dici</span> <span class='ocrx_word' id='word_1_306' title='bbox 663 2472 772 2505; x_wconf 81' lang='lat' dir='ltr'>posse</span> <span class='ocrx_word' id='word_1_307' title='bbox 798 2461 855 2496; x_wconf 88' lang='lat' dir='ltr'>hic</span> <span class='ocrx_word' id='word_1_308' title='bbox 877 2462 937 2496; x_wconf 85' lang='lat' dir='ltr'>ille</span> <span class='ocrx_word' id='word_1_309' title='bbox 962 2462 1109 2496; x_wconf 86' lang='lat' dir='ltr'>uberius</span> <span class='ocrx_word' id='word_1_310' title='bbox 1135 2461 1278 2495; x_wconf 88' lang='lat' dir='ltr'>studuit</span> <span class='ocrx_word' id='word_1_311' title='bbox 1303 2461 1468 2505; x_wconf 85' lang='lat' dir='ltr'>probare.</span> <span class='ocrx_word' id='word_1_312' title='bbox 1516 2462 1621 2503; x_wconf 81' lang='lat' dir='ltr'>Quod</span> <span class='ocrx_word' id='word_1_313' title='bbox 1639 2460 1768 2496; x_wconf 84' lang='lat' dir='ltr'>falsum</span> 
     </span>
     <span class='ocr_line' id='line_1_37' title="bbox 290 2517 1769 2562; baseline 0.001 -12"><span class='ocrx_word' id='word_1_314' title='bbox 290 2520 356 2550; x_wconf 83' lang='lat' dir='ltr'>est.</span> <span class='ocrx_word' id='word_1_315' title='bbox 404 2517 493 2551; x_wconf 85' lang='lat' dir='ltr'>Nam</span> <span class='ocrx_word' id='word_1_316' title='bbox 518 2521 559 2551; x_wconf 88' lang='lat' dir='ltr'>ut</span> <span class='ocrx_word' id='word_1_317' title='bbox 583 2527 604 2550; x_wconf 88' lang='lat' dir='ltr'>a</span> <span class='ocrx_word' id='word_1_318' title='bbox 622 2518 833 2559; x_wconf 78' lang='lat' dir='ltr'>Quintiliani</span> <span class='ocrx_word' id='word_1_319' title='bbox 855 2528 925 2552; x_wconf 90' lang='lat' dir='ltr'>usu</span> <span class='ocrx_word' id='word_1_320' title='bbox 949 2518 1136 2561; x_wconf 85' lang='lat' dir='ltr'>loquendi,</span> <span class='ocrx_word' id='word_1_321' title='bbox 1162 2517 1358 2562; x_wconf 85' lang='lat' dir='ltr'>praecipue</span> <span class='ocrx_word' id='word_1_322' title='bbox 1376 2517 1551 2559; x_wconf 86' lang='lat' dir='ltr'>hocloco,</span> <span class='ocrx_word' id='word_1_323' title='bbox 1577 2518 1683 2561; x_wconf 82' lang='lat' dir='ltr'>plane</span> <span class='ocrx_word' id='word_1_324' title='bbox 1708 2518 1769 2552; x_wconf 86' lang='lat' dir='ltr'>ab·</span> 
     </span>
     <span class='ocr_line' id='line_1_38' title="bbox 290 2572 1768 2619; baseline 0.002 -14"><span class='ocrx_word' id='word_1_325' title='bbox 290 2572 412 2607; x_wconf 86' lang='lat' dir='ltr'>horret</span> <span class='ocrx_word' id='word_1_326' title='bbox 436 2574 524 2608; x_wconf 87' lang='lat' dir='ltr'>haec</span> <span class='ocrx_word' id='word_1_327' title='bbox 542 2574 687 2609; x_wconf 83' lang='lat' dir='ltr'>(licendi</span> <span class='ocrx_word' id='word_1_328' title='bbox 705 2575 799 2608; x_wconf 90' lang='lat' dir='ltr'>ratio</span> <span class='ocrx_word' id='word_1_329' title='bbox 825 2575 982 2619; x_wconf 60' lang='lat' dir='ltr'>politica,</span> <span class='ocrx_word' id='word_1_330' title='bbox 1006 2575 1057 2608; x_wconf 88' lang='lat' dir='ltr'>ita</span> <span class='ocrx_word' id='word_1_331' title='bbox 1080 2575 1148 2608; x_wconf 85' lang='lat' dir='ltr'>iam</span> <span class='ocrx_word' id='word_1_332' title='bbox 1166 2574 1332 2608; x_wconf 85' lang='lat' dir='ltr'>videmus</span> <span class='ocrx_word' id='word_1_333' title='bbox 1358 2575 1504 2608; x_wconf 85' lang='lat' dir='ltr'>omnino</span> <span class='ocrx_word' id='word_1_334' title='bbox 1528 2585 1598 2608; x_wconf 93' lang='lat' dir='ltr'>non</span> <span class='ocrx_word' id='word_1_335' title='bbox 1616 2584 1768 2609; x_wconf 85' lang='lat' dir='ltr'>necesse</span> 
     </span>
     <span class='ocr_line' id='line_1_39' title="bbox 290 2629 1768 2674; baseline 0.001 -11"><span class='ocrx_word' id='word_1_336' title='bbox 290 2639 371 2664; x_wconf 83' lang='lat' dir='ltr'>esse</span> <span class='ocrx_word' id='word_1_337' title='bbox 396 2630 544 2664; x_wconf 85' lang='lat' dir='ltr'>credere</span> <span class='ocrx_word' id='word_1_338' title='bbox 577 2640 657 2664; x_wconf 90' lang='lat' dir='ltr'>eum</span> <span class='ocrx_word' id='word_1_339' title='bbox 682 2629 772 2665; x_wconf 85' lang='lat' dir='ltr'>haec</span> <span class='ocrx_word' id='word_1_340' title='bbox 796 2632 909 2665; x_wconf 84' lang='lat' dir='ltr'>verba</span> <span class='ocrx_word' id='word_1_341' title='bbox 933 2631 996 2665; x_wconf 88' lang='lat' dir='ltr'>tali</span> <span class='ocrx_word' id='word_1_342' title='bbox 1022 2630 1291 2674; x_wconf 84' lang='lat' dir='ltr'>significatione</span> <span class='ocrx_word' id='word_1_343' title='bbox 1320 2630 1521 2674; x_wconf 86' lang='lat' dir='ltr'>accepisse:</span> <span class='ocrx_word' id='word_1_344' title='bbox 1554 2630 1593 2664; x_wconf 86' lang='lat' dir='ltr'>id</span> <span class='ocrx_word' id='word_1_345' title='bbox 1619 2634 1768 2665; x_wconf 87' lang='lat' dir='ltr'>secutus</span> 
     </span>
     <span class='ocr_line' id='line_1_40' title="bbox 290 2685 1768 2730; baseline 0.001 -12"><span class='ocrx_word' id='word_1_346' title='bbox 290 2689 356 2727; x_wconf 86' lang='lat' dir='ltr'>cst,</span> <span class='ocrx_word' id='word_1_347' title='bbox 382 2686 481 2728; x_wconf 85' lang='lat' dir='ltr'>quod</span> <span class='ocrx_word' id='word_1_348' title='bbox 507 2685 577 2719; x_wconf 88' lang='lat' dir='ltr'>sibi</span> <span class='ocrx_word' id='word_1_349' title='bbox 602 2686 716 2729; x_wconf 88' lang='lat' dir='ltr'>magis</span> <span class='ocrx_word' id='word_1_350' title='bbox 742 2686 927 2729; x_wconf 84' lang='lat' dir='ltr'>placebat:</span> <span class='ocrx_word' id='word_1_351' title='bbox 959 2696 980 2720; x_wconf 87' lang='lat' dir='ltr'>a</span> <span class='ocrx_word' id='word_1_352' title='bbox 1004 2686 1208 2720; x_wconf 87' lang='lat' dir='ltr'>nutricibus</span> <span class='ocrx_word' id='word_1_353' title='bbox 1233 2686 1359 2730; x_wconf 86' lang='lat' dir='ltr'>lingua</span> <span class='ocrx_word' id='word_1_354' title='bbox 1383 2686 1538 2729; x_wconf 80' lang='lat' dir='ltr'>privatis</span> <span class='ocrx_word' id='word_1_355' title='bbox 1569 2686 1662 2720; x_wconf 87' lang='lat' dir='ltr'>altos</span> <span class='ocrx_word' id='word_1_356' title='bbox 1687 2695 1768 2720; x_wconf 83' lang='lat' dir='ltr'>esse</span> 
     </span>
     <span class='ocr_line' id='line_1_41' title="bbox 291 2740 459 2776; baseline 0.012 -2"><span class='ocrx_word' id='word_1_357' title='bbox 291 2740 459 2776; x_wconf 85' lang='lat' dir='ltr'>infantes.</span> 
     </span>
    </p>

    <p class='ocr_par' dir='ltr' id='par_1_6' title="bbox 403 2797 1294 2842">
     <span class='ocr_line' id='line_1_42' title="bbox 403 2797 1294 2842; baseline 0.002 -11"><span class='ocrx_word' id='word_1_358' title='bbox 403 2800 444 2840; x_wconf 85' lang='lat'>¹²)</span> <span class='ocrx_word' id='word_1_359' title='bbox 480 2798 603 2832; x_wconf 85' lang='lat' dir='ltr'>Edidit</span> <span class='ocrx_word' id='word_1_360' title='bbox 628 2797 826 2841; x_wconf 86' lang='lat' dir='ltr'>Nauckius‚</span> <span class='ocrx_word' id='word_1_361' title='bbox 853 2798 1039 2842; x_wconf 90' lang='lat' dir='ltr'>Petropoli</span> <span class='ocrx_word' id='word_1_362' title='bbox 1063 2801 1161 2832; x_wconf 73' lang='lat'>1867:</span> <span class='ocrx_word' id='word_1_363' title='bbox 1190 2808 1224 2842; x_wconf 86' lang='lat' dir='ltr'>p.</span> <span class='ocrx_word' id='word_1_364' title='bbox 1243 2801 1294 2833; x_wconf 81' lang='lat'>52.</span> 
     </span>
    </p>
   </div>
  </div>
 </body>
</html>
