1815 3231
1430 182 1508 218 5329

31 292 74 327 nt
104 301 180 327 non
214 290 374 339 probem
409 290 445 328 id
486 291 590 340 quod
623 292 804 340 exposuit
835 291 1054 329 Mcinekins
1087 292 1108 328 l.
1138 303 1186 329 a.:
1233 304 1382 340 „neque
1414 304 1507 329 vcro

32 357 129 394 haec
159 362 384 407 repugnant
415 359 461 396 iis
492 371 595 408 quac
626 360 743 397 ceteri
776 359 822 397 (16
846 359 1092 397 lucernarum
1116 358 1263 396 fabrica
1295 360 1507 408 llyperboli

30 424 289 474 tradiderunt,
324 425 516 474 siquidem
548 426 655 474 figuli
679 430 717 464 ct
739 424 1011 476 λυχνοποιοῦ
1034 430 1139 464 artcs
1172 427 1512 465 coniunctissimas

29 490 152 530 fuisse
175 493 290 531 (locet
312 494 569 544 Philetacrus,
590 495 732 532 Athen.
754 496 799 543 X,
820 494 941 544 474“,
964 495 1029 533 sed
1052 496 1090 532 in
1114 495 1260 532 scholio
1283 495 1509 532 scholiastes

32 571 77 597 ea
108 572 209 608 quae
241 560 288 598 (16
320 561 547 610 IIyperbolo
578 565 756 611 κεραμεῖ
785 563 965 611 exposuit
1001 562 1071 599 sibi
1102 563 1173 611 ipsi
1206 562 1332 599 (lebet.
1392 563 1507 599 Deni-

33 639 109 676 que
138 640 240 676 quae
263 628 299 665 in
323 628 443 666 schol.
466 629 595 678 Equit.
618 631 698 668 855
722 629 768 667 de
791 630 1009 679 demagogo
1031 630 1228 679 leguntur,
1254 642 1273 667 e
1296 629 1392 667 libro
1416 642 1510 678 quo-

33 695 119 732 dam
171 699 449 745 manaverunt,
500 709 577 745 quo
630 697 678 734 (16
729 697 916 735 institutis
961 697 1263 735 Atheniensibus
1314 697 1513 746 agebatur,

33 762 199 801 fortasse
231 776 278 800 ex
300 763 524 802 Aristotelis
547 765 843 802 Atheniensium
869 765 1080 814 republica,
1111 778 1225 814 quam
1254 765 1291 801 in
1320 764 1510 802 eiusmodi

34 831 333 880 quaestionibus
365 831 577 870 adhibitam
611 845 696 870 esse
732 846 752 870 e
783 833 939 870 scholiis
972 833 1110 870 elucet.

145 899 205 936 Ad
239 900 311 936 Av.
335 902 440 938 1013
473 899 551 938 duo
584 900 702 937 habes
734 901 897 938 scholia:
936 902 951 938 I
988 897 1088 950 περὶ
1119 898 1192 950 τῆς
1225 895 1273 936 ἐν
1304 895 1513 937 Λακεδαί-

32 977 135 1017 μονι
166 963 421 1017 ξενηλασίας
455 960 720 1017 Θεόπομπος
752 963 800 1004 ἐν
831 966 884 1016 τῇ
913 964 1040 1017 τρίτῃ
1071 964 1140 1004 καὶ
1174 965 1430 1017 τριακοστῇ,
1462 968 1515 1004 al-

35 1037 161 1071 terum
192 1029 301 1071 ποτὲ
332 1027 414 1084 γὰρ
451 1029 588 1071 ἐκεῖσε
627 1032 717 1083 (scr.
745 1030 850 1079 ἐκεῖ;
889 1044 932 1072 σε
967 1048 1014 1072 ex
1046 1035 1265 1084 insequenti
1298 1042 1338 1071 σι
1375 1034 1515 1077 ortum)

35 1098 251 1147 σιτοδείας
292 1097 531 1152 γενομένης
571 1099 804 1153 ξειήλασία
845 1099 1027 1154 γέγονεν
1068 1091 1128 1148 ὦς
1164 1095 1429 1151 Θεόπομπος
1469 1097 1516 1138 ἐν

34 1166 88 1219 τῇ
117 1162 175 1214 λς’
204 1166 350 1219 φησίν,
392 1170 470 1219 ubi,
508 1182 593 1207 cum
626 1173 743 1219 poeta
774 1171 811 1208 in
846 1172 1073 1208 uuiversum
1111 1171 1295 1219 loquatur
1332 1170 1380 1207 dc
1411 1182 1518 1207 more

35 1237 335 1287 peregrinorum
367 1237 690 1286 expellendorum
702 1236 764 1288 38),
795 1238 1025 1276 scholiastes
1052 1240 1194 1275 certam
1224 1237 1353 1286 posuit
1383 1237 1519 1285 expul-

36 1306 195 1343 sionem.
255 1305 466 1352 Quaeritur
497 1308 626 1344 utrum
659 1307 804 1344 rectius
835 1307 884 1344 sit
915 1296 971 1351 λς’
1006 1318 1054 1343 an
1086 1296 1162 1355 27'.
1224 1305 1397 1352 Quorum
1431 1317 1518 1342 cum

37 1373 251 1411 Muellerus
282 1371 373 1422 (frg.
399 1375 494 1412 197:
526 1374 542 1411 I
574 1386 610 1423 p.
639 1372 735 1420 311)
768 1375 851 1420 hoc,
890 1373 1118 1412 Dindorfius
1155 1372 1249 1410 illud
1282 1372 1521 1421 probaverit,

38 1439 218 1489 equidem
250 1452 376 1489 pauca
405 1440 470 1478 illa
492 1440 710 1490 fragmenta
741 1441 965 1490 consulens,
996 1453 1097 1490 quae
1129 1453 1148 1478 e
1181 1440 1290 1478 libris
1319 1439 1520 1476 XXXII—

39 1507 241 1546 XXXVIII
273 1510 433 1546 servata
464 1511 567 1558 sunt,
598 1520 685 1546 cum
718 1508 906 1547 Muellero
938 1508 1051 1546 facio.

152 1576 333 1626 Denique
370 1577 531 1615 afferam
569 1576 689 1615 schol.
718 1577 808 1614 Pac.
836 1579 928 1622 363,
966 1575 1014 1613 de
1052 1587 1129 1625 quo
1167 1576 1240 1613 iam
1280 1574 1426 1612 dietum
1464 1577 1523 1612 est

39 1657 76 1694 p.
99 1646 191 1683 234.
250 1645 324 1682 Hic
362 1645 455 1682 satis
494 1645 620 1682 habeo
658 1644 867 1682 adnotasse
905 1640 1210 1693 Theopompisss’)
1248 1642 1524 1692 fragmentum,

40 1724 61 1750 6
92 1712 114 1749 1.
135 1712 227 1750 XIII
260 1715 456 1762 sumptum
489 1712 512 1749 l.
536 1714 716 1762 30—45,
745 1725 768 1750 a
795 1712 985 1750 Muellero
1013 1712 1208 1758 omissum,
1239 1711 1300 1748 cui
1331 1709 1525 1747 accedunt

41 1779 213 1818 Leandri
246 1780 367 1818 verba
399 1793 419 1818 6
450 1780 738 1819 Milesiacorum
771 1781 794 1817 l.
819 1781 854 1818 II
885 1780 1036 1817 hausta.
1096 1778 1152 1818 Of.
1185 1778 1232 1816 dc
1263 1780 1344 1816 toto
1376 1777 1524 1815 scholio

42 1847 326 1898 Lenschauius,
354 1849 412 1886 De
441 1847 559 1886 rebus
587 1848 806 1886 Prieneus-z
837 1847 966 1897 Leipz.
995 1845 1105 1885 Stud.
1132 1846 1203 1883 XII
1235 1858 1270 1896 p.
1296 1847 1526 1884 130—134.

646 2176 822 2228 Caput
845 2175 934 2218 VI.

159 2276 505 2323 Hellanicus1),
543 2277 610 2326 qui
649 2276 805 2325 saepius
842 2276 879 2313 in
912 2275 1210 2323 quaestionibus
1242 2275 1423 2324 mythicis
1461 2275 1529 2312 ad-

48 2347 192 2385 hibitus
237 2348 306 2396 est,
350 2347 388 2383 in
434 2346 480 2383 iis
524 2344 682 2383 scholiis
728 2356 830 2394 quae
875 2343 925 2382 ad
971 2355 1041 2382 nos
1086 2342 1285 2393 pertinent
1327 2343 1385 2381 bis
1430 2355 1529 2382 com-

49 2417 298 2452 memoratur.

163 2523 207 2563 38)
238 2520 295 2556 Cf.
319 2520 488 2565 Xenoph.
512 2520 624 2564 Resp.
649 2519 783 2554 Laced.
808 2518 908 2562 XIV,
925 2523 962 2563 43
995 2518 1109 2553 Thuc.
1135 2519 1162 2561 Ι,
1189 2521 1261 2561 144,
1288 2521 1324 2562 23
1354 2518 1400 2562 II,
1424 2522 1476 2562 39,
1498 2521 1531 2562 13

48 2579 142 2613 Plnt.
160 2579 249 2623 Lys.
274 2588 353 2621 cap.
371 2580 431 2621 273
462 2577 705 2619 Hei-mannus,
730 2575 875 2610 Griech.
892 2575 1164 2609 Staatsalterth.
1186 2575 1203 2608 I
1226 2576 1246 2618 ξ
1264 2578 1316 2617 28,
1336 2578 1367 2609 7.

0 2625 1 2642 l
162 2635 206 2678 8⁹)
244 2633 305 2668 Sic
342 2634 435 2668 bene
472 2643 603 2668 nomen
638 2631 881 2676 Theophrasti
921 2631 1128 2666 emendavit
1163 2631 1359 2675 Prellerus,
1398 2631 1531 2666 Polem.

50 2690 187 2735 perieg.
211 2689 281 2732 frg.
305 2701 339 2734 p.
359 2694 411 2724 50.

165 2748 193 2789 ²)
226 2746 281 2780 De
313 2756 386 2790 quo
420 2745 466 2780 ef.
496 2745 694 2788 Prellerus,
727 2744 782 2778 De
814 2743 1005 2778 Hellanico
1038 2743 1172 2778 Lesbio
1204 2742 1396 2777 historico:
1438 2742 1533 2777 Aus-

50 2802 233 2847 gewiihlte
258 2801 440 2837 Aufsiitze
465 2812 500 2846 p.
519 2805 560 2836 23
575 2811 674 2845 sqq.;
703 2800 852 2844 Islerus‚
877 2800 1027 2835 Jahrhb.
1044 2799 1069 2834 f.
1088 2799 1178 2834 Phil.
1197 2799 1281 2833 CIII
1307 2810 1341 2843 p.
1364 2802 1422 2833 115
1438 2809 1534 2843 sqq.3

144 2872 235 2904 Diss.
253 2871 333 2904 Hal.
351 2872 416 2903 ὶΠ.
1292 2870 1332 2900 22
