1830 3201
301 184 351 221 78

300 294 419 331 verbo
451 294 592 331 Latino
630 294 781 339 „muto“
819 307 863 332 eo
896 297 981 332 orta
1013 296 1081 344 est,
1118 294 1221 344 quod
1253 306 1333 332 rem
1366 295 1533 345 aliquam
1565 298 1604 334 et
1634 309 1657 334 a
1686 296 1773 334 loeo

301 360 469 410 quodam
503 363 541 398 et
572 359 620 398 ad
652 361 769 399 alium
801 361 928 400 locum
960 362 1106 399 moveri
1139 362 1288 400 notioni
1319 362 1428 400 verbi
1460 361 1712 401 adiciebatur.

885 482 926 525 3.
976 482 1203 537 μεθίημι.

414 576 474 614 De
515 576 750 626 etymologia
789 589 835 615 ac
866 577 989 626 prima
1018 576 1301 626 significatione
1331 576 1463 626 relego
1494 576 1542 614 ad
1574 589 1632 626 ea,
1676 588 1778 626 quae

301 643 372 681 sub
413 636 504 694 ἱήμι
535 656 570 692 p.
593 646 645 683 35
684 643 775 681 dixi.
834 645 920 682 Jam
952 656 1073 693 supra
1104 644 1359 694 cognovimus
1391 644 1558 694 simplex
1589 637 1677 695 ἵημι
1707 656 1779 693 per

302 710 455 760 ellipsin
497 711 636 749 obiecti
678 702 799 761 ὕδωρ
843 712 1008 761 eiusque
1041 712 1254 762 composita
1285 705 1422 762 ἑνίημι
1456 715 1494 750 et
1523 706 1777 762 ἐπιπροΐημι
1828 736 1830 741 -

301 790 371 828 per
412 778 564 828 ellipsin
607 778 746 817 obiecti
787 776 869 830 νῆα
909 779 1157 818 intransitiva
1197 792 1280 818 esse
1319 779 1434 818 faeta.
1504 779 1621 817 Nunc
1662 791 1780 828 quae·
1827 775 1830 779 ¹

294 858 449 896 ramus,
491 859 569 896 qua
600 847 664 885 via
695 848 950 897 compositum
982 844 1180 898 μεθίημι,
1228 847 1339 886 cuius
1370 847 1616 886 intransitiva
1647 847 1705 884 vis
1736 859 1781 884 ac

301 916 475 964 potestas
512 914 794 964 propemodum
833 927 958 964 aeque
994 915 1224 965 frequenter
1264 927 1309 953 ac
1347 915 1554 953 transitiva
1598 917 1637 953 et
1677 913 1781 963 apud

302 983 515 1020 Homerum
547 985 585 1020 et
615 982 719 1032 apud
751 983 966 1031 scriptores
997 982 1308 1032 posthomericos
1339 983 1557 1033 invenitur,
1601 981 1783 1021 intransi-

302 1051 420 1089 tivam
451 1053 673 1089 assecutum
704 1051 754 1089 sit
784 1051 993 1089 notionem.

415 1119 747 1158 Proficiscendum
780 1123 838 1157 est
869 1132 891 1157 a
922 1119 1029 1166 locis,
1065 1119 1202 1169 quales
1235 1121 1325 1157 sunt
1361 1130 1381 1156 ε
1409 1121 1491 1158 460
1527 1115 1600 1156 καὶ
1629 1111 1680 1156 τὸ
1706 1112 1785 1168 μὲν

303 1186 399 1233 (scil.
431 1180 667 1237 κρήδεμον)
709 1181 751 1232 ἐς
791 1180 996 1237 ποταμὸν
1034 1176 1331 1237 ἁλιμυρήξντα
1366 1184 1562 1238 μεθῆκεν
1603 1189 1641 1224 et
1670 1183 1784 1224 A48

302 1248 409 1304 μετὰ
453 1244 490 1291 ὁ)
522 1248 593 1292 ἰὸν
635 1248 774 1306 ἕηκεν,
821 1255 962 1305 quibus
1001 1254 1096 1293 locis
1139 1267 1223 1293 cum
1256 1254 1495 1304 praepositio
1525 1246 1672 1304 μετάῐ)
1703 1256 1784 1292 tum

303 1323 468 1361 verbum
519 1323 775 1373 principalem
827 1324 991 1362 retinuit
1040 1322 1377 1372 significationem.
1456 1323 1633 1372 Utroque
1684 1321 1784 1360 enim

304 1391 390 1429 loco
422 1390 598 1429 subiecta
630 1394 688 1429 est
718 1391 789 1429 sub
822 1391 944 1429 verbo
975 1391 1035 1429 vis
1067 1390 1308 1429 immittendi.
1369 1390 1505 1429 Priore
1536 1390 1621 1428 loco
1649 1390 1787 1427 Passo-

304 1460 404 1508 vius,
451 1460 621 1498 Seilerus
659 1459 802 1508 aliique
839 1460 911 1497 rati
956 1461 1048 1497 sunt
1079 1459 1241 1497 verbum
1275 1458 1410 1496 eadem
1443 1470 1527 1497 esse
1558 1459 1595 1495 vi
1632 1457 1789 1506 „sallem

305 1527 442 1565 salu-en
485 1526 657 1574 lassen“,
703 1539 804 1577 quae
844 1527 980 1565 subest
1008 1527 1209 1576 permultis
1239 1527 1351 1576 locis3
1402 1526 1469 1564 sed
1500 1526 1611 1564 istam
1645 1525 1787 1574 signifi-

308 1595 499 1634 cationem
544 1594 745 1633 contextui
785 1597 904 1644 atque
936 1595 1222 1633 continuationi
1253 1607 1383 1633 rerum
1416 1606 1492 1632 non
1526 1606 1611 1632 esse
1641 1605 1788 1631 aecom-
1825 1613 1830 1639 J

310 1663 503 1701 modatam
536 1663 627 1700 mihi
660 1663 849 1711 persuasi.
910 1662 1044 1700 Ulixes
1077 1662 1176 1700 enim
1209 1662 1414 1711 perficiens
1445 1661 1496 1710 id,
1528 1660 1634 1711 quod
1656 1661 1788 1699 faeere
1825 1649 1830 1693 l

309 1745 332 1770 a
354 1731 583 1769 Leucothea
614 1732 652 1769 in
685 1744 719 1769 v,
742 1734 821 1770 349
854 1731 985 1769 iussus
1017 1733 1085 1777 est,
1116 1730 1138 1768 i.
1161 1743 1192 1769 e.
1212 1726 1384 1777 βαλέειν
1405 1728 1501 1776 (scil.
1524 1722 1788 1780 κρήδεμνον)
1825 1733 1826 1783 j

306 1794 366 1844 εἰς
398 1794 561 1837 οἴνοπα
591 1791 779 1845 πόντον,
811 1799 849 1836 in
881 1799 955 1836 hoe
989 1811 1021 1836 v.
1052 1809 1071 1835 ε
1092 1801 1175 1837 460
1206 1797 1455 1836 describitur.
1826 1830 1830 1866 ἦ

418 1867 624 1916 Plerisque
666 1878 758 1904 vero
798 1866 894 1904 locis
934 1865 998 1902 illa
1038 1877 1140 1903 nova
1180 1865 1284 1903 notio
1331 1864 1493 1911 „fabren
1531 1864 1682 1913 lassen,
1731 1863 1790 1900 los
1829 1867 1830 1880 ¹

309 1933 462 1972 lassen“
498 1934 610 1972 nobis
641 1931 858 1982 occurrit.2)
920 1932 1095 1971 Eandem
1129 1933 1299 1971 notionis
1331 1932 1584 1970 mutationem
1616 1931 1729 1969 etiam
1751 1931 1788 1968 in
1825 1924 1826 1937 ³

309 2002 427 2041 verbo
460 2002 601 2040 Latino
638 2000 853 2051 „dimitto“‚
895 2013 972 2050 quo
1004 2001 1166 2039 verbum
1198 2000 1392 2039 Graecum
1423 1999 1611 2047 redditur,
1657 1998 1787 2037 obser-

310 2083 403 2108 vare
435 2082 653 2119 possumus.
712 2070 770 2108 Ac
792 2068 970 2119 profecto
993 2068 1301 2117 significationes
1328 2066 1592 2113 „entsenden“
1626 2068 1665 2104 et
1690 2067 1792 2112 „los-

309 2137 459 2175 lassen“
504 2138 698 2176 artissime
738 2138 839 2175 inter
879 2149 921 2174 se
962 2148 1164 2174 connexae
1207 2137 1309 2174 sunt.
1377 2135 1530 2173 Etenim
1562 2133 1601 2171 in
1633 2134 1792 2172 notione

315 2205 398 2251 „los
430 2205 570 2255 lassen‚
602 2200 741 2243 fabren
772 2203 926 2243 lassen⁴‘
963 2204 1090 2242 minus
1121 2202 1328 2251 obiectum,
1359 2204 1402 2240 ut
1432 2202 1484 2240 ita
1506 2201 1645 2251 dicam,
1675 2212 1790 2250 quam

313 2272 530 2311 subiectum
573 2273 799 2322 respicitur;
847 2272 962 2322 actio,
1003 2283 1107 2321 quae
1137 2271 1176 2309 in
1208 2270 1328 2308 verbo
1359 2272 1427 2315 est,
1458 2269 1490 2308 si
1520 2281 1598 2308 non
1629 2268 1791 2318 tollitur,
1824 2254 1830 2348 ,1

429 2415 456 2458 ¹)
490 2413 545 2449 Cf.
571 2413 723 2456 Funck.‚
750 2414 850 2449 Curt.
868 2412 971 2448 Stud.
993 2412 1057 2457 IX,
1078 2416 1149 2447 152.

425 2472 455 2512 2)
488 2470 528 2503 In
561 2469 627 2504 hae
657 2469 807 2504 notione
838 2473 977 2504 mutata
1008 2468 1157 2513 propria
1187 2466 1472 2511 praepositionis
1501 2462 1598 2509 μετά
1623 2465 1690 2508 vis,
1722 2474 1794 2509 qua

312 2537 417 2571 quem
448 2527 506 2561 vel
538 2527 627 2570 quid
657 2527 779 2571 aliquo
813 2526 946 2560 dimitti
980 2526 1170 2567 indicatur,
1203 2524 1310 2568 plane
1343 2522 1603 2567 propemodum
1634 2521 1794 2556 evanuit.

312 2582 412 2617 Idem
447 2583 581 2617 accidit
618 2582 882 2626 praepositioni
915 2578 1011 2624 μετά
1045 2581 1082 2615 in
1112 2578 1318 2623 μεθίσῑημι
1352 2580 1580 2622 (‚,mutare“)‚
1609 2573 1796 2621 μετέστην

311 2639 561 2681 (,.secedere“)
594 2642 631 2672 et
663 2638 836 2672 adverbio
869 2638 967 2678 „dis“
1002 2638 1038 2671 in
1070 2637 1182 2671 verbo
1212 2636 1345 2670 Latino
1380 2635 1576 2675 „dimitto“.
1631 2633 1716 2668 Sive
1754 2636 1795 2666 ut

313 2695 448 2729 rectius
474 2695 601 2738 dicam,
633 2695 709 2728 eius
735 2693 907 2738 notionis,
939 2703 1031 2737 quae
1057 2693 1093 2726 in
1119 2691 1390 2737 praepositione
1415 2692 1523 2734 inest,
1556 2689 1640 2734 quia
1665 2698 1730 2733 per
1756 2699 1796 2723 se
1827 2646 1830 2726 Ι

314 2752 434 2796 ipsum
459 2750 696 2795 perspicuum
723 2753 780 2784 est
810 2750 989 2784 actionem
1018 2747 1225 2783 dimittendi
1256 2748 1380 2791 aliquo
1413 2746 1577 2789 tendere,
1608 2743 1699 2780 ratio
1724 2754 1795 2778 non
1825 2727 1830 2839 ἵ

312 2806 484 2841 habetur.

1821 2874 1830 3201 ἶ
