<?xml version="1.0" encoding="UTF-8"?>
<!DOCTYPE html PUBLIC "-//W3C//DTD XHTML 1.0 Transitional//EN"
    "http://www.w3.org/TR/xhtml1/DTD/xhtml1-transitional.dtd">
<html xmlns="http://www.w3.org/1999/xhtml" xml:lang="en" lang="en">
 <head>
  <title>
</title>
<meta http-equiv="Content-Type" content="text/html;charset=utf-8" />
  <meta name='ocr-system' content='tesseract 3.04.00' />
  <meta name='ocr-capabilities' content='ocr_page ocr_carea ocr_par ocr_line ocrx_word'/>
</head>
<body>
  <div class='ocr_page' id='page_1' title='image "./deverbisetintran00hilduoft_0141.png"; bbox 0 0 1815 3231; ppageno 0'>
   <div class='ocr_carea' id='block_1_1' title="bbox 1425 176 1496 210">
    <p class='ocr_par' dir='ltr' id='par_1_1' title="bbox 1425 176 1496 210">
     <span class='ocr_line' id='line_1_1' title="bbox 1425 176 1496 210; baseline 0 -1"><span class='ocrx_word' id='word_1_1' title='bbox 1425 176 1496 210; x_wconf 63' lang='lat'><strong>133</strong></span> 
     </span>
    </p>
   </div>
   <div class='ocr_carea' id='block_1_2' title="bbox 5 277 1513 2440">
    <p class='ocr_par' dir='ltr' id='par_1_2' title="bbox 5 277 1513 2440">
     <span class='ocr_line' id='line_1_2' title="bbox 26 277 1495 333; baseline 0.002 -16"><span class='ocrx_word' id='word_1_2' title='bbox 26 277 203 327; x_wconf 77' lang='lat' dir='ltr'>redeant,</span> <span class='ocrx_word' id='word_1_3' title='bbox 233 277 343 316; x_wconf 90' lang='lat' dir='ltr'><strong>cuius</strong></span> <span class='ocrx_word' id='word_1_4' title='bbox 366 290 506 316; x_wconf 89' lang='lat' dir='ltr'><strong>nomen</strong></span> <span class='ocrx_word' id='word_1_5' title='bbox 540 278 839 326; x_wconf 84' lang='lat' dir='ltr'><strong>interciderit¹);</strong></span> <span class='ocrx_word' id='word_1_6' title='bbox 870 281 1001 324; x_wconf 73' lang='lat' dir='ltr'><strong>altera.</strong></span> <span class='ocrx_word' id='word_1_7' title='bbox 1033 295 1109 330; x_wconf 79' lang='lat' dir='ltr'><strong>qua</strong></span> <span class='ocrx_word' id='word_1_8' title='bbox 1142 296 1212 331; x_wconf 74' lang='lat' dir='ltr'><strong>ogo</strong></span> <span class='ocrx_word' id='word_1_9' title='bbox 1246 285 1495 333; x_wconf 64' lang='lat' dir='ltr'><strong>progrcdivw</strong></span> 
     </span>
     <span class='ocr_line' id='line_1_3' title="bbox 28 345 1496 417; baseline 0.004 -33"><span class='ocrx_word' id='word_1_10' title='bbox 28 346 118 385; x_wconf 91' lang='lat' dir='ltr'><strong>dum</strong></span> <span class='ocrx_word' id='word_1_11' title='bbox 150 357 234 384; x_wconf 89' lang='lat' dir='ltr'><strong>esse</strong></span> <span class='ocrx_word' id='word_1_12' title='bbox 272 345 363 383; x_wconf 91' lang='lat' dir='ltr'><strong>mihi</strong></span> <span class='ocrx_word' id='word_1_13' title='bbox 399 347 588 417; x_wconf 80' lang='lat' dir='ltr'>persuasi,</span> <span class='ocrx_word' id='word_1_14' title='bbox 624 350 666 384; x_wconf 90' lang='lat' dir='ltr'><strong>ut</strong></span> <span class='ocrx_word' id='word_1_15' title='bbox 702 346 799 385; x_wconf 79' lang='lat' dir='ltr'><strong>falso</strong></span> <span class='ocrx_word' id='word_1_16' title='bbox 839 348 874 384; x_wconf 90' lang='lat' dir='ltr'><strong>in</strong></span> <span class='ocrx_word' id='word_1_17' title='bbox 913 351 1058 386; x_wconf 81' lang='lat' dir='ltr'><strong>textum</strong></span> <span class='ocrx_word' id='word_1_18' title='bbox 1099 351 1308 389; x_wconf 78' lang='lat' dir='ltr'><strong>incurrisse</strong></span> <span class='ocrx_word' id='word_1_19' title='bbox 1345 354 1496 390; x_wconf 79' lang='lat' dir='ltr'><strong>titulum</strong></span> 
     </span>
     <span class='ocr_line' id='line_1_4' title="bbox 28 402 1497 467; baseline 0.003 -15"><span class='ocrx_word' id='word_1_20' title='bbox 28 414 115 452; x_wconf 84' lang='lat' dir='ltr'><strong>libri</strong></span> <span class='ocrx_word' id='word_1_21' title='bbox 153 406 264 464; x_wconf 78' lang='grc' dir='ltr'><em>πρὸς</em></span> <span class='ocrx_word' id='word_1_22' title='bbox 299 405 353 450; x_wconf 72' lang='grc' dir='ltr'><strong>τὰ</strong></span> <span class='ocrx_word' id='word_1_23' title='bbox 388 425 452 450; x_wconf 78' lang='lat' dir='ltr'><strong>L7r</strong></span> <span class='ocrx_word' id='word_1_24' title='bbox 492 402 768 464; x_wconf 78' lang='grc' dir='ltr'><em>4ρισταοχοι</em></span> <span class='ocrx_word' id='word_1_25' title='bbox 805 404 1080 464; x_wconf 61' lang='grc' dir='ltr'><strong>αθετυύωιι</strong></span> <span class='ocrx_word' id='word_1_26' title='bbox 1117 431 1316 467; x_wconf 79' lang='lat' dir='ltr'><strong>pon:.11nus</strong></span> <span class='ocrx_word' id='word_1_27' title='bbox 1375 424 1497 467; x_wconf 77' lang='lat' dir='ltr'><strong>Quam</strong></span> 
     </span>
     <span class='ocr_line' id='line_1_5' title="bbox 29 482 1502 536; baseline 0.003 -15"><span class='ocrx_word' id='word_1_28' title='bbox 29 495 152 521; x_wconf 85' lang='lat' dir='ltr'><strong>meam</strong></span> <span class='ocrx_word' id='word_1_29' title='bbox 196 482 461 520; x_wconf 88' lang='lat' dir='ltr'><strong>coniecturam</strong></span> <span class='ocrx_word' id='word_1_30' title='bbox 506 482 805 531; x_wconf 83' lang='lat' dir='ltr'><strong>praeferendam</strong></span> <span class='ocrx_word' id='word_1_31' title='bbox 850 496 933 521; x_wconf 86' lang='lat' dir='ltr'><strong>esse</strong></span> <span class='ocrx_word' id='word_1_32' title='bbox 976 486 1221 534; x_wconf 81' lang='lat' dir='ltr'><strong>opinionibus</strong></span> <span class='ocrx_word' id='word_1_33' title='bbox 1264 488 1502 536; x_wconf 66' lang='lat' dir='ltr'><strong>Sclincidvri,</strong></span> 
     </span>
     <span class='ocr_line' id='line_1_6' title="bbox 28 547 1498 600; baseline 0.002 -10"><span class='ocrx_word' id='word_1_34' title='bbox 28 549 246 600; x_wconf 86' lang='lat' dir='ltr'><strong>Schmidtii,</strong></span> <span class='ocrx_word' id='word_1_35' title='bbox 266 547 474 588; x_wconf 82' lang='lat' dir='ltr'><strong>Schraderi</strong></span> <span class='ocrx_word' id='word_1_36' title='bbox 506 562 610 588; x_wconf 90' lang='lat' dir='ltr'><strong>nunc</strong></span> <span class='ocrx_word' id='word_1_37' title='bbox 632 563 714 588; x_wconf 90' lang='lat' dir='ltr'><strong>sum</strong></span> <span class='ocrx_word' id='word_1_38' title='bbox 739 550 1084 591; x_wconf 74' lang='lat' dir='ltr'><strong>demonstraturus.</strong></span> <span class='ocrx_word' id='word_1_39' title='bbox 1137 555 1304 592; x_wconf 85' lang='lat' dir='ltr'><strong>Primum</strong></span> <span class='ocrx_word' id='word_1_40' title='bbox 1329 556 1498 593; x_wconf 81' lang='lat' dir='ltr'><strong>libellum</strong></span> 
     </span>
     <span class='ocr_line' id='line_1_7' title="bbox 29 618 1501 671; baseline 0.003 -14"><span class='ocrx_word' id='word_1_41' title='bbox 29 619 77 657; x_wconf 88' lang='lat' dir='ltr'><strong>de</strong></span> <span class='ocrx_word' id='word_1_42' title='bbox 99 618 278 657; x_wconf 87' lang='lat' dir='ltr'><strong>versibus</strong></span> <span class='ocrx_word' id='word_1_43' title='bbox 301 619 518 656; x_wconf 78' lang='lat' dir='ltr'><strong>Homericis</strong></span> <span class='ocrx_word' id='word_1_44' title='bbox 551 619 598 656; x_wconf 89' lang='lat' dir='ltr'><strong>ab</strong></span> <span class='ocrx_word' id='word_1_45' title='bbox 621 619 851 657; x_wconf 77' lang='lat' dir='ltr'>Aristarcho</span> <span class='ocrx_word' id='word_1_46' title='bbox 880 620 1069 658; x_wconf 78' lang='lat' dir='ltr'><strong>damnatis</strong></span> <span class='ocrx_word' id='word_1_47' title='bbox 1102 624 1351 671; x_wconf 84' lang='lat' dir='ltr'><strong>compositum</strong></span> <span class='ocrx_word' id='word_1_48' title='bbox 1384 625 1501 662; x_wconf 70' lang='lat' dir='ltr'><strong>Zeno-</strong></span> 
     </span>
     <span class='ocr_line' id='line_1_8' title="bbox 29 686 1500 740; baseline 0.002 -14"><span class='ocrx_word' id='word_1_49' title='bbox 29 686 122 726; x_wconf 90' lang='lat' dir='ltr'><strong>doto</strong></span> <span class='ocrx_word' id='word_1_50' title='bbox 164 687 345 725; x_wconf 87' lang='lat' dir='ltr'><strong>Mallotae</strong></span> <span class='ocrx_word' id='word_1_51' title='bbox 392 686 617 734; x_wconf 81' lang='lat' dir='ltr'><strong>tribuimus,</strong></span> <span class='ocrx_word' id='word_1_52' title='bbox 664 699 777 736; x_wconf 90' lang='lat' dir='ltr'><strong>quem</strong></span> <span class='ocrx_word' id='word_1_53' title='bbox 821 687 1022 726; x_wconf 86' lang='lat' dir='ltr'><strong>Crateteac</strong></span> <span class='ocrx_word' id='word_1_54' title='bbox 1069 689 1225 727; x_wconf 81' lang='lat' dir='ltr'><strong>scholae</strong></span> <span class='ocrx_word' id='word_1_55' title='bbox 1272 690 1500 740; x_wconf 76' lang='lat' dir='ltr'><strong>discipulum</strong></span> 
     </span>
     <span class='ocr_line' id='line_1_9' title="bbox 28 754 1500 806; baseline 0.003 -14"><span class='ocrx_word' id='word_1_56' title='bbox 28 754 148 794; x_wconf 86' lang='lat' dir='ltr'><strong>fuisse</strong></span> <span class='ocrx_word' id='word_1_57' title='bbox 181 757 346 804; x_wconf 85' lang='lat' dir='ltr'><strong>constat,</strong></span> <span class='ocrx_word' id='word_1_58' title='bbox 384 758 426 792; x_wconf 90' lang='lat' dir='ltr'><strong>ut</strong></span> <span class='ocrx_word' id='word_1_59' title='bbox 457 767 534 793; x_wconf 89' lang='lat' dir='ltr'><strong>non</strong></span> <span class='ocrx_word' id='word_1_60' title='bbox 567 767 667 804; x_wconf 91' lang='lat' dir='ltr'><strong>opus</strong></span> <span class='ocrx_word' id='word_1_61' title='bbox 699 755 747 792; x_wconf 92' lang='lat' dir='ltr'><strong>sit</strong></span> <span class='ocrx_word' id='word_1_62' title='bbox 783 754 912 793; x_wconf 82' lang='lat' dir='ltr'><strong>facere</strong></span> <span class='ocrx_word' id='word_1_63' title='bbox 945 768 1029 793; x_wconf 90' lang='lat' dir='ltr'><strong>cum</strong></span> <span class='ocrx_word' id='word_1_64' title='bbox 1063 758 1120 806; x_wconf 85' lang='lat' dir='ltr'><strong>iis,</strong></span> <span class='ocrx_word' id='word_1_65' title='bbox 1157 758 1234 806; x_wconf 82' lang='lat' dir='ltr'><strong>qui,</strong></span> <span class='ocrx_word' id='word_1_66' title='bbox 1271 771 1355 796; x_wconf 83' lang='lat' dir='ltr'><strong>cum</strong></span> <span class='ocrx_word' id='word_1_67' title='bbox 1388 760 1500 796; x_wconf 73' lang='lat' dir='ltr'><strong>Alex-</strong></span> 
     </span>
     <span class='ocr_line' id='line_1_10' title="bbox 30 823 1502 876; baseline 0.002 -15"><span class='ocrx_word' id='word_1_68' title='bbox 30 823 216 862; x_wconf 88' lang='lat' dir='ltr'><strong>andrinos</strong></span> <span class='ocrx_word' id='word_1_69' title='bbox 247 835 407 873; x_wconf 90' lang='lat' dir='ltr'><strong>quoque</strong></span> <span class='ocrx_word' id='word_1_70' title='bbox 438 823 713 872; x_wconf 85' lang='lat' dir='ltr'><strong>grammaticos</strong></span> <span class='ocrx_word' id='word_1_71' title='bbox 750 823 966 861; x_wconf 84' lang='lat' dir='ltr'><strong>Aristarchi</strong></span> <span class='ocrx_word' id='word_1_72' title='bbox 1005 824 1217 863; x_wconf 73' lang='lat' dir='ltr'><strong>doctrinam</strong></span> <span class='ocrx_word' id='word_1_73' title='bbox 1256 826 1502 876; x_wconf 69' lang='lat' dir='ltr'><strong>impugnasse</strong></span> 
     </span>
     <span class='ocr_line' id='line_1_11' title="bbox 29 891 1502 941; baseline 0.001 -11"><span class='ocrx_word' id='word_1_74' title='bbox 29 893 136 930; x_wconf 89' lang='lat' dir='ltr'><strong>recte</strong></span> <span class='ocrx_word' id='word_1_75' title='bbox 168 891 352 941; x_wconf 84' lang='lat' dir='ltr'><strong>dixerint,</strong></span> <span class='ocrx_word' id='word_1_76' title='bbox 381 891 418 929; x_wconf 92' lang='lat' dir='ltr'><strong>in</strong></span> <span class='ocrx_word' id='word_1_77' title='bbox 449 903 581 929; x_wconf 91' lang='lat' dir='ltr'><strong>eorum</strong></span> <span class='ocrx_word' id='word_1_78' title='bbox 606 903 809 929; x_wconf 90' lang='lat' dir='ltr'><strong>numerum</strong></span> <span class='ocrx_word' id='word_1_79' title='bbox 842 891 1081 930; x_wconf 86' lang='lat' dir='ltr'><strong>Zenodotum</strong></span> <span class='ocrx_word' id='word_1_80' title='bbox 1106 893 1414 931; x_wconf 87' lang='lat' dir='ltr'><strong>Alexandrinum</strong></span> <span class='ocrx_word' id='word_1_81' title='bbox 1448 907 1502 931; x_wconf 88' lang='lat' dir='ltr'><strong>r‹·-</strong></span> 
     </span>
     <span class='ocr_line' id='line_1_12' title="bbox 30 958 1502 1010; baseline 0.001 -12"><span class='ocrx_word' id='word_1_82' title='bbox 30 959 163 1009; x_wconf 83' lang='lat' dir='ltr'><strong>cipere</strong></span> <span class='ocrx_word' id='word_1_83' title='bbox 184 958 433 1005; x_wconf 86' lang='lat' dir='ltr'><strong>studuerunt,</strong></span> <span class='ocrx_word' id='word_1_84' title='bbox 462 971 549 997; x_wconf 90' lang='lat' dir='ltr'><strong>cum</strong></span> <span class='ocrx_word' id='word_1_85' title='bbox 572 959 691 997; x_wconf 90' lang='lat' dir='ltr'><strong>multo</strong></span> <span class='ocrx_word' id='word_1_86' title='bbox 714 958 763 996; x_wconf 89' lang='lat' dir='ltr'><strong>sit</strong></span> <span class='ocrx_word' id='word_1_87' title='bbox 785 959 1041 1009; x_wconf 82' lang='lat' dir='ltr'><strong>verisimilius,</strong></span> <span class='ocrx_word' id='word_1_88' title='bbox 1071 961 1100 997; x_wconf 88' lang='lat' dir='ltr'><strong>si</strong></span> <span class='ocrx_word' id='word_1_89' title='bbox 1123 961 1361 999; x_wconf 88' lang='lat' dir='ltr'><strong>Zenodotum</strong></span> <span class='ocrx_word' id='word_1_90' title='bbox 1386 974 1502 1010; x_wconf 83' lang='lat' dir='ltr'><strong>quen-</strong></span> 
     </span>
     <span class='ocr_line' id='line_1_13' title="bbox 31 1027 1504 1078; baseline 0.001 -12"><span class='ocrx_word' id='word_1_91' title='bbox 31 1027 118 1067; x_wconf 88' lang='lat' dir='ltr'><strong>dam</strong></span> <span class='ocrx_word' id='word_1_92' title='bbox 141 1028 394 1078; x_wconf 84' lang='lat' dir='ltr'><strong>impugnasse</strong></span> <span class='ocrx_word' id='word_1_93' title='bbox 416 1027 688 1065; x_wconf 80' lang='lat' dir='ltr'><strong>Aristarchum</strong></span> <span class='ocrx_word' id='word_1_94' title='bbox 712 1027 897 1065; x_wconf 87' lang='lat' dir='ltr'><strong>traditum</strong></span> <span class='ocrx_word' id='word_1_95' title='bbox 920 1032 989 1075; x_wconf 87' lang='lat' dir='ltr'><strong>est,</strong></span> <span class='ocrx_word' id='word_1_96' title='bbox 1018 1040 1102 1066; x_wconf 90' lang='lat' dir='ltr'><strong>cum</strong></span> <span class='ocrx_word' id='word_1_97' title='bbox 1126 1028 1245 1066; x_wconf 88' lang='lat' dir='ltr'><strong>fuisse</strong></span> <span class='ocrx_word' id='word_1_98' title='bbox 1268 1029 1504 1078; x_wconf 75' lang='lat' dir='ltr'><strong>Crateteum3</strong></span> 
     </span>
     <span class='ocr_line' id='line_1_14' title="bbox 31 1094 1501 1146; baseline 0 -12"><span class='ocrx_word' id='word_1_99' title='bbox 31 1095 172 1134; x_wconf 87' lang='lat' dir='ltr'><strong>deinde</strong></span> <span class='ocrx_word' id='word_1_100' title='bbox 210 1108 288 1134; x_wconf 89' lang='lat' dir='ltr'><strong>non</strong></span> <span class='ocrx_word' id='word_1_101' title='bbox 321 1098 380 1134; x_wconf 85' lang='lat' dir='ltr'><strong>est</strong></span> <span class='ocrx_word' id='word_1_102' title='bbox 415 1094 686 1133; x_wconf 88' lang='lat' dir='ltr'><strong>desudandum</strong></span> <span class='ocrx_word' id='word_1_103' title='bbox 724 1096 761 1133; x_wconf 92' lang='lat' dir='ltr'><strong>in</strong></span> <span class='ocrx_word' id='word_1_104' title='bbox 795 1108 840 1133; x_wconf 85' lang='lat' dir='ltr'><strong>ea</strong></span> <span class='ocrx_word' id='word_1_105' title='bbox 871 1108 922 1139; x_wconf 79' lang='lat' dir='ltr'><strong>re,</strong></span> <span class='ocrx_word' id='word_1_106' title='bbox 961 1099 1003 1133; x_wconf 90' lang='lat' dir='ltr'><strong>ut</strong></span> <span class='ocrx_word' id='word_1_107' title='bbox 1033 1096 1284 1145; x_wconf 78' lang='lat' dir='ltr'><strong>explicemus,</strong></span> <span class='ocrx_word' id='word_1_108' title='bbox 1322 1109 1433 1146; x_wconf 79' lang='lat' dir='ltr'><strong>quem</strong></span> <span class='ocrx_word' id='word_1_109' title='bbox 1466 1098 1501 1134; x_wconf 91' lang='lat' dir='ltr'><strong>in</strong></span> 
     </span>
     <span class='ocr_line' id='line_1_15' title="bbox 31 1163 1504 1213; baseline -0.001 -11"><span class='ocrx_word' id='word_1_110' title='bbox 31 1164 188 1203; x_wconf 90' lang='lat' dir='ltr'><strong>modum</strong></span> <span class='ocrx_word' id='word_1_111' title='bbox 220 1163 457 1202; x_wconf 83' lang='lat' dir='ltr'><strong>intercidere</strong></span> <span class='ocrx_word' id='word_1_112' title='bbox 488 1163 661 1212; x_wconf 86' lang='lat' dir='ltr'><strong>potuerit</strong></span> <span class='ocrx_word' id='word_1_113' title='bbox 693 1175 842 1211; x_wconf 88' lang='lat' dir='ltr'><strong>nomen,</strong></span> <span class='ocrx_word' id='word_1_114' title='bbox 875 1164 935 1201; x_wconf 92' lang='lat' dir='ltr'><strong>cui</strong></span> <span class='ocrx_word' id='word_1_115' title='bbox 968 1164 1022 1201; x_wconf 93' lang='lat' dir='ltr'><strong>rei</strong></span> <span class='ocrx_word' id='word_1_116' title='bbox 1054 1164 1146 1201; x_wconf 85' lang='lat' dir='ltr'><strong>satis</strong></span> <span class='ocrx_word' id='word_1_117' title='bbox 1177 1165 1311 1213; x_wconf 84' lang='lat' dir='ltr'><strong>gravia</strong></span> <span class='ocrx_word' id='word_1_118' title='bbox 1342 1165 1504 1202; x_wconf 86' lang='lat' dir='ltr'><strong>obstant.</strong></span> 
     </span>
     <span class='ocr_line' id='line_1_16' title="bbox 24 1230 1503 1283; baseline -0.002 -12"><span class='ocrx_word' id='word_1_119' title='bbox 24 1233 162 1283; x_wconf 59' lang='lat' dir='ltr'><strong>*Atque</strong></span> <span class='ocrx_word' id='word_1_120' title='bbox 194 1231 458 1271; x_wconf 83' lang='lat' dir='ltr'><strong>Schneiderus</strong></span> <span class='ocrx_word' id='word_1_121' title='bbox 481 1230 639 1281; x_wconf 89' lang='lat' dir='ltr'><strong>quidem</strong></span> <span class='ocrx_word' id='word_1_122' title='bbox 671 1231 858 1269; x_wconf 86' lang='lat' dir='ltr'><strong>Zenodoti</strong></span> <span class='ocrx_word' id='word_1_123' title='bbox 882 1231 1063 1269; x_wconf 89' lang='lat' dir='ltr'><strong>Mallotae</strong></span> <span class='ocrx_word' id='word_1_124' title='bbox 1086 1232 1148 1269; x_wconf 89' lang='lat' dir='ltr'><strong>vel</strong></span> <span class='ocrx_word' id='word_1_125' title='bbox 1172 1232 1336 1269; x_wconf 79' lang='lat' dir='ltr'><strong>Cratetei</strong></span> <span class='ocrx_word' id='word_1_126' title='bbox 1364 1244 1503 1280; x_wconf 85' lang='lat' dir='ltr'><strong>cogno-</strong></span> 
     </span>
     <span class='ocr_line' id='line_1_17' title="bbox 31 1299 1505 1349; baseline -0.002 -10"><span class='ocrx_word' id='word_1_127' title='bbox 31 1313 119 1340; x_wconf 89' lang='lat' dir='ltr'><strong>men</strong></span> <span class='ocrx_word' id='word_1_128' title='bbox 151 1301 190 1339; x_wconf 88' lang='lat' dir='ltr'><strong>in</strong></span> <span class='ocrx_word' id='word_1_129' title='bbox 220 1300 410 1349; x_wconf 88' lang='lat' dir='ltr'><strong>Hesychii</strong></span> <span class='ocrx_word' id='word_1_130' title='bbox 442 1300 528 1338; x_wconf 91' lang='lat' dir='ltr'><strong>loco</strong></span> <span class='ocrx_word' id='word_1_131' title='bbox 560 1299 673 1338; x_wconf 88' lang='lat' dir='ltr'><strong>facile</strong></span> <span class='ocrx_word' id='word_1_132' title='bbox 712 1300 841 1349; x_wconf 91' lang='lat' dir='ltr'><strong>perire</strong></span> <span class='ocrx_word' id='word_1_133' title='bbox 872 1300 1043 1349; x_wconf 88' lang='lat' dir='ltr'><strong>potuisse</strong></span> <span class='ocrx_word' id='word_1_134' title='bbox 1076 1300 1237 1348; x_wconf 90' lang='lat' dir='ltr'><strong>censuit,</strong></span> <span class='ocrx_word' id='word_1_135' title='bbox 1274 1312 1357 1337; x_wconf 90' lang='lat' dir='ltr'><strong>cum</strong></span> <span class='ocrx_word' id='word_1_136' title='bbox 1392 1300 1505 1337; x_wconf 80' lang='lat' dir='ltr'><strong>Alex-</strong></span> 
     </span>
     <span class='ocr_line' id='line_1_18' title="bbox 32 1367 1505 1418; baseline -0.003 -11"><span class='ocrx_word' id='word_1_137' title='bbox 32 1368 188 1408; x_wconf 86' lang='lat' dir='ltr'><strong>andrini</strong></span> <span class='ocrx_word' id='word_1_138' title='bbox 211 1380 352 1407; x_wconf 90' lang='lat' dir='ltr'><strong>nomen</strong></span> <span class='ocrx_word' id='word_1_139' title='bbox 377 1368 560 1407; x_wconf 82' lang='lat' dir='ltr'><strong>Orateteo</strong></span> <span class='ocrx_word' id='word_1_140' title='bbox 583 1380 740 1418; x_wconf 88' lang='lat' dir='ltr'><strong>quoque</strong></span> <span class='ocrx_word' id='word_1_141' title='bbox 763 1367 882 1406; x_wconf 89' lang='lat' dir='ltr'><strong>fuisse</strong></span> <span class='ocrx_word' id='word_1_142' title='bbox 905 1367 1172 1416; x_wconf 85' lang='lat' dir='ltr'><strong>contenderet,</strong></span> <span class='ocrx_word' id='word_1_143' title='bbox 1203 1367 1334 1404; x_wconf 84' lang='lat' dir='ltr'><strong>dicens</strong></span> <span class='ocrx_word' id='word_1_144' title='bbox 1366 1379 1505 1415; x_wconf 86' lang='lat' dir='ltr'><strong>cogno-</strong></span> 
     </span>
     <span class='ocr_line' id='line_1_19' title="bbox 33 1425 1504 1486; baseline -0.003 -10"><span class='ocrx_word' id='word_1_145' title='bbox 33 1438 135 1476; x_wconf 89' lang='lat' dir='ltr'><strong>mine</strong></span> <span class='ocrx_word' id='word_1_146' title='bbox 167 1425 191 1474; x_wconf 81' lang='grc' dir='ltr'><em>ὃ</em></span> <span class='ocrx_word' id='word_1_147' title='bbox 222 1431 271 1474; x_wconf 77' lang='grc' dir='ltr'><strong>ἐν</strong></span> <span class='ocrx_word' id='word_1_148' title='bbox 303 1428 423 1474; x_wconf 79' lang='grc' dir='ltr'><em>ἄστει</em></span> <span class='ocrx_word' id='word_1_149' title='bbox 457 1449 556 1486; x_wconf 88' lang='lat' dir='ltr'><strong>opus</strong></span> <span class='ocrx_word' id='word_1_150' title='bbox 587 1449 662 1474; x_wconf 91' lang='lat' dir='ltr'><strong>non</strong></span> <span class='ocrx_word' id='word_1_151' title='bbox 696 1435 828 1485; x_wconf 81' lang='lat' dir='ltr'><strong>fuisse,</strong></span> <span class='ocrx_word' id='word_1_152' title='bbox 859 1436 930 1473; x_wconf 91' lang='lat' dir='ltr'><strong>nisi</strong></span> <span class='ocrx_word' id='word_1_153' title='bbox 962 1435 1061 1473; x_wconf 86' lang='lat' dir='ltr'><strong>alter</strong></span> <span class='ocrx_word' id='word_1_154' title='bbox 1092 1435 1309 1472; x_wconf 84' lang='lat' dir='ltr'><strong>Zenodotus</strong></span> <span class='ocrx_word' id='word_1_155' title='bbox 1341 1435 1504 1472; x_wconf 84' lang='lat' dir='ltr'><strong>Alexan-</strong></span> 
     </span>
     <span class='ocr_line' id='line_1_20' title="bbox 33 1501 1504 1554; baseline -0.004 -10"><span class='ocrx_word' id='word_1_156' title='bbox 33 1505 169 1544; x_wconf 91' lang='lat' dir='ltr'><strong>drinus</strong></span> <span class='ocrx_word' id='word_1_157' title='bbox 205 1517 346 1554; x_wconf 87' lang='lat' dir='ltr'><strong>nempe</strong></span> <span class='ocrx_word' id='word_1_158' title='bbox 382 1504 562 1543; x_wconf 89' lang='lat' dir='ltr'><strong>Mallotes</strong></span> <span class='ocrx_word' id='word_1_159' title='bbox 599 1503 861 1542; x_wconf 87' lang='lat' dir='ltr'><strong>Alexandriae</strong></span> <span class='ocrx_word' id='word_1_160' title='bbox 897 1502 1130 1541; x_wconf 85' lang='lat' dir='ltr'><strong>domicilium</strong></span> <span class='ocrx_word' id='word_1_161' title='bbox 1168 1502 1322 1539; x_wconf 84' lang='lat' dir='ltr'><strong>fixisset.</strong></span> <span class='ocrx_word' id='word_1_162' title='bbox 1381 1501 1504 1548; x_wconf 85' lang='lat' dir='ltr'><strong>Quam</strong></span> 
     </span>
     <span class='ocr_line' id='line_1_21' title="bbox 32 1562 1503 1623; baseline -0.005 -11"><span class='ocrx_word' id='word_1_163' title='bbox 32 1574 263 1613; x_wconf 86' lang='lat' dir='ltr'><strong>sententiam</strong></span> <span class='ocrx_word' id='word_1_164' title='bbox 295 1573 571 1623; x_wconf 89' lang='lat' dir='ltr'><strong>improbamus,</strong></span> <span class='ocrx_word' id='word_1_165' title='bbox 602 1571 706 1621; x_wconf 90' lang='lat' dir='ltr'><strong>quod</strong></span> <span class='ocrx_word' id='word_1_166' title='bbox 740 1583 954 1620; x_wconf 83' lang='lat' dir='ltr'><strong>cognomen</strong></span> <span class='ocrx_word' id='word_1_167' title='bbox 988 1562 1010 1607; x_wconf 77' lang='grc' dir='ltr'>ὁ</span> <span class='ocrx_word' id='word_1_168' title='bbox 1037 1566 1084 1607; x_wconf 72' lang='grc' dir='ltr'><strong>ἐν</strong></span> <span class='ocrx_word' id='word_1_169' title='bbox 1105 1562 1219 1607; x_wconf 62' lang='grc' dir='ltr'><em>ἄστει</em></span> <span class='ocrx_word' id='word_1_170' title='bbox 1252 1570 1348 1607; x_wconf 83' lang='lat' dir='ltr'><strong>bene</strong></span> <span class='ocrx_word' id='word_1_171' title='bbox 1380 1570 1503 1607; x_wconf 89' lang='lat' dir='ltr'><strong>locum</strong></span> 
     </span>
     <span class='ocr_line' id='line_1_22' title="bbox 34 1636 1503 1690; baseline -0.005 -10"><span class='ocrx_word' id='word_1_172' title='bbox 34 1642 178 1680; x_wconf 85' lang='lat' dir='ltr'><strong>habere</strong></span> <span class='ocrx_word' id='word_1_173' title='bbox 215 1641 419 1680; x_wconf 90' lang='lat' dir='ltr'><strong>docuimus</strong></span> <span class='ocrx_word' id='word_1_174' title='bbox 455 1644 635 1690; x_wconf 87' lang='lat' dir='ltr'><strong>respecto</strong></span> <span class='ocrx_word' id='word_1_175' title='bbox 672 1640 868 1678; x_wconf 91' lang='lat' dir='ltr'><strong>Zenodoto</strong></span> <span class='ocrx_word' id='word_1_176' title='bbox 906 1639 1092 1689; x_wconf 83' lang='lat' dir='ltr'><strong>Ephesio,</strong></span> <span class='ocrx_word' id='word_1_177' title='bbox 1129 1641 1170 1675; x_wconf 90' lang='lat' dir='ltr'><strong>ut</strong></span> <span class='ocrx_word' id='word_1_178' title='bbox 1208 1638 1361 1675; x_wconf 82' lang='lat' dir='ltr'><strong>tertium</strong></span> <span class='ocrx_word' id='word_1_179' title='bbox 1399 1636 1503 1673; x_wconf 88' lang='lat' dir='ltr'><strong>illum</strong></span> 
     </span>
     <span class='ocr_line' id='line_1_23' title="bbox 34 1705 1505 1749; baseline -0.006 0"><span class='ocrx_word' id='word_1_180' title='bbox 34 1709 276 1749; x_wconf 89' lang='lat' dir='ltr'><strong>Zenodotum</strong></span> <span class='ocrx_word' id='word_1_181' title='bbox 313 1710 511 1748; x_wconf 86' lang='lat' dir='ltr'><strong>Mallotam</strong></span> <span class='ocrx_word' id='word_1_182' title='bbox 549 1708 695 1747; x_wconf 86' lang='lat' dir='ltr'><strong>factum</strong></span> <span class='ocrx_word' id='word_1_183' title='bbox 733 1720 816 1746; x_wconf 88' lang='lat' dir='ltr'><strong>esse</strong></span> <span class='ocrx_word' id='word_1_184' title='bbox 848 1706 1155 1745; x_wconf 82' lang='lat' dir='ltr'><strong>Alexandrinum</strong></span> <span class='ocrx_word' id='word_1_185' title='bbox 1195 1718 1297 1743; x_wconf 85' lang='lat' dir='ltr'><strong>mera</strong></span> <span class='ocrx_word' id='word_1_186' title='bbox 1334 1705 1382 1742; x_wconf 87' lang='lat' dir='ltr'><strong>sit</strong></span> <span class='ocrx_word' id='word_1_187' title='bbox 1418 1716 1505 1741; x_wconf 89' lang='lat' dir='ltr'><strong>con-</strong></span> 
     </span>
     <span class='ocr_line' id='line_1_24' title="bbox 33 1772 1505 1827; baseline -0.006 -10"><span class='ocrx_word' id='word_1_188' title='bbox 33 1778 195 1817; x_wconf 88' lang='lat' dir='ltr'><strong>iectura.</strong></span> <span class='ocrx_word' id='word_1_189' title='bbox 255 1777 405 1826; x_wconf 79' lang='lat' dir='ltr'><strong>Quodsi</strong></span> <span class='ocrx_word' id='word_1_190' title='bbox 429 1777 545 1816; x_wconf 89' lang='lat' dir='ltr'><strong>datur</strong></span> <span class='ocrx_word' id='word_1_191' title='bbox 568 1776 685 1827; x_wconf 86' lang='lat' dir='ltr'><strong>optio,</strong></span> <span class='ocrx_word' id='word_1_192' title='bbox 716 1778 844 1814; x_wconf 90' lang='lat' dir='ltr'><strong>utrum</strong></span> <span class='ocrx_word' id='word_1_193' title='bbox 876 1775 1058 1813; x_wconf 87' lang='lat' dir='ltr'><strong>Mallotae</strong></span> <span class='ocrx_word' id='word_1_194' title='bbox 1086 1774 1146 1811; x_wconf 89' lang='lat' dir='ltr'><strong>vel</strong></span> <span class='ocrx_word' id='word_1_195' title='bbox 1170 1772 1338 1811; x_wconf 85' lang='lat' dir='ltr'><strong>Cratetei</strong></span> <span class='ocrx_word' id='word_1_196' title='bbox 1368 1782 1505 1809; x_wconf 88' lang='lat' dir='ltr'><strong>nomen</strong></span> 
     </span>
     <span class='ocr_line' id='line_1_25' title="bbox 34 1839 1505 1892; baseline -0.007 -7"><span class='ocrx_word' id='word_1_197' title='bbox 34 1846 278 1886; x_wconf 86' lang='lat' dir='ltr'><strong>intercidisse</strong></span> <span class='ocrx_word' id='word_1_198' title='bbox 310 1859 358 1885; x_wconf 89' lang='lat' dir='ltr'><strong>an</strong></span> <span class='ocrx_word' id='word_1_199' title='bbox 390 1847 493 1884; x_wconf 87' lang='lat' dir='ltr'><strong>inter</strong></span> <span class='ocrx_word' id='word_1_200' title='bbox 514 1844 701 1884; x_wconf 88' lang='lat' dir='ltr'><strong>Zenodoti</strong></span> <span class='ocrx_word' id='word_1_201' title='bbox 725 1842 982 1882; x_wconf 83' lang='lat' dir='ltr'><strong>Alexandrini</strong></span> <span class='ocrx_word' id='word_1_202' title='bbox 1009 1854 1128 1892; x_wconf 90' lang='lat' dir='ltr'><strong>opera</strong></span> <span class='ocrx_word' id='word_1_203' title='bbox 1159 1840 1340 1878; x_wconf 85' lang='lat' dir='ltr'><strong>Mallotae</strong></span> <span class='ocrx_word' id='word_1_204' title='bbox 1369 1839 1505 1876; x_wconf 89' lang='lat' dir='ltr'><strong>librum</strong></span> 
     </span>
     <span class='ocr_line' id='line_1_26' title="bbox 35 1907 1505 1964; baseline -0.008 -10"><span class='ocrx_word' id='word_1_205' title='bbox 35 1917 236 1964; x_wconf 90' lang='lat' dir='ltr'><strong>receptum</strong></span> <span class='ocrx_word' id='word_1_206' title='bbox 268 1926 354 1953; x_wconf 87' lang='lat' dir='ltr'><strong>esse</strong></span> <span class='ocrx_word' id='word_1_207' title='bbox 386 1925 625 1961; x_wconf 89' lang='lat' dir='ltr'><strong>censeamus,</strong></span> <span class='ocrx_word' id='word_1_208' title='bbox 665 1924 737 1961; x_wconf 86' lang='lat' dir='ltr'><strong>ego</strong></span> <span class='ocrx_word' id='word_1_209' title='bbox 769 1911 922 1961; x_wconf 86' lang='lat' dir='ltr'><strong>quidem</strong></span> <span class='ocrx_word' id='word_1_210' title='bbox 962 1911 1098 1947; x_wconf 86' lang='lat' dir='ltr'><strong>horum</strong></span> <span class='ocrx_word' id='word_1_211' title='bbox 1132 1911 1260 1957; x_wconf 87' lang='lat' dir='ltr'><strong>partes</strong></span> <span class='ocrx_word' id='word_1_212' title='bbox 1292 1907 1398 1955; x_wconf 84' lang='lat' dir='ltr'><strong>sequi</strong></span> <span class='ocrx_word' id='word_1_213' title='bbox 1431 1918 1505 1944; x_wconf 87' lang='lat' dir='ltr'><strong>non</strong></span> 
     </span>
     <span class='ocr_line' id='line_1_27' title="bbox 36 1973 1507 2032; baseline -0.008 -11"><span class='ocrx_word' id='word_1_214' title='bbox 36 1982 183 2029; x_wconf 78' lang='lat' dir='ltr'><strong>dubito,</strong></span> <span class='ocrx_word' id='word_1_215' title='bbox 215 1983 447 2032; x_wconf 87' lang='lat' dir='ltr'><strong>praesertim</strong></span> <span class='ocrx_word' id='word_1_216' title='bbox 481 1994 567 2020; x_wconf 91' lang='lat' dir='ltr'><strong>cum</strong></span> <span class='ocrx_word' id='word_1_217' title='bbox 599 1994 676 2020; x_wconf 91' lang='lat' dir='ltr'><strong>non</strong></span> <span class='ocrx_word' id='word_1_218' title='bbox 710 1980 809 2018; x_wconf 90' lang='lat' dir='ltr'><strong>forte</strong></span> <span class='ocrx_word' id='word_1_219' title='bbox 841 1979 998 2017; x_wconf 87' lang='lat' dir='ltr'><strong>fortuna</strong></span> <span class='ocrx_word' id='word_1_220' title='bbox 1029 1977 1171 2014; x_wconf 84' lang='lat' dir='ltr'><strong>factum</strong></span> <span class='ocrx_word' id='word_1_221' title='bbox 1203 1987 1287 2013; x_wconf 90' lang='lat' dir='ltr'><strong>esse</strong></span> <span class='ocrx_word' id='word_1_222' title='bbox 1318 1973 1507 2011; x_wconf 86' lang='lat' dir='ltr'><strong>videatur.</strong></span> 
     </span>
     <span class='ocr_line' id='line_1_28' title="bbox 37 2040 1509 2100; baseline -0.009 -10"><span class='ocrx_word' id='word_1_223' title='bbox 37 2053 80 2089; x_wconf 82' lang='lat' dir='ltr'><strong>ut</strong></span> <span class='ocrx_word' id='word_1_224' title='bbox 111 2051 221 2089; x_wconf 81' lang='lat' dir='ltr'><strong>iuxta</strong></span> <span class='ocrx_word' id='word_1_225' title='bbox 247 2051 363 2100; x_wconf 89' lang='lat' dir='ltr'><strong>positi</strong></span> <span class='ocrx_word' id='word_1_226' title='bbox 391 2050 468 2088; x_wconf 89' lang='lat' dir='ltr'><strong>sint</strong></span> <span class='ocrx_word' id='word_1_227' title='bbox 496 2050 596 2099; x_wconf 90' lang='lat' dir='ltr'><strong>libri,</strong></span> <span class='ocrx_word' id='word_1_228' title='bbox 627 2048 693 2098; x_wconf 89' lang='lat' dir='ltr'><strong>qui</strong></span> <span class='ocrx_word' id='word_1_229' title='bbox 724 2048 772 2086; x_wconf 86' lang='lat' dir='ltr'><strong>ad</strong></span> <span class='ocrx_word' id='word_1_230' title='bbox 804 2048 966 2085; x_wconf 86' lang='lat' dir='ltr'><strong>aliorum</strong></span> <span class='ocrx_word' id='word_1_231' title='bbox 998 2044 1209 2083; x_wconf 87' lang='lat' dir='ltr'><strong>sententias</strong></span> <span class='ocrx_word' id='word_1_232' title='bbox 1240 2040 1509 2090; x_wconf 79' lang='lat' dir='ltr'><strong>infringendas</strong></span> 
     </span>
     <span class='ocr_line' id='line_1_29' title="bbox 37 2108 1508 2166; baseline -0.009 -9"><span class='ocrx_word' id='word_1_233' title='bbox 37 2121 76 2157; x_wconf 88' lang='lat' dir='ltr'><strong>et</strong></span> <span class='ocrx_word' id='word_1_234' title='bbox 105 2118 336 2157; x_wconf 83' lang='lat' dir='ltr'><strong>refutandas</strong></span> <span class='ocrx_word' id='word_1_235' title='bbox 374 2121 489 2157; x_wconf 88' lang='lat' dir='ltr'><strong>erant</strong></span> <span class='ocrx_word' id='word_1_236' title='bbox 526 2117 747 2166; x_wconf 88' lang='lat' dir='ltr'><strong>conscripti.</strong></span> <span class='ocrx_word' id='word_1_237' title='bbox 753 2112 783 2165; x_wconf 74' lang='grc'><strong>2&gt;</strong></span> <span class='ocrx_word' id='word_1_238' title='bbox 844 2116 900 2152; x_wconf 87' lang='lat' dir='ltr'><strong>De</strong></span> <span class='ocrx_word' id='word_1_239' title='bbox 931 2112 1139 2151; x_wconf 80' lang='lat' dir='ltr'><strong>Scluaderi</strong></span> <span class='ocrx_word' id='word_1_240' title='bbox 1175 2111 1355 2160; x_wconf 89' lang='lat' dir='ltr'><strong>opinione</strong></span> <span class='ocrx_word' id='word_1_241' title='bbox 1393 2108 1508 2157; x_wconf 88' lang='lat' dir='ltr'><strong>paulo</strong></span> 
     </span>
     <span class='ocr_line' id='line_1_30' title="bbox 37 2175 1509 2233; baseline -0.009 -8"><span class='ocrx_word' id='word_1_242' title='bbox 37 2186 140 2225; x_wconf 86' lang='lat' dir='ltr'><strong>infra</strong></span> <span class='ocrx_word' id='word_1_243' title='bbox 173 2186 292 2225; x_wconf 84' lang='lat' dir='ltr'><strong>verba</strong></span> <span class='ocrx_word' id='word_1_244' title='bbox 323 2175 523 2225; x_wconf 86' lang='lat' dir='ltr'><strong>faciemus.</strong></span> <span class='ocrx_word' id='word_1_245' title='bbox 574 2185 697 2233; x_wconf 78' lang='lat' dir='ltr'><strong>Quam</strong></span> <span class='ocrx_word' id='word_1_246' title='bbox 720 2185 750 2222; x_wconf 90' lang='lat' dir='ltr'><strong>si</strong></span> <span class='ocrx_word' id='word_1_247' title='bbox 773 2195 877 2221; x_wconf 91' lang='lat' dir='ltr'><strong>nunc</strong></span> <span class='ocrx_word' id='word_1_248' title='bbox 899 2182 1092 2229; x_wconf 86' lang='lat' dir='ltr'><strong>mittimus,</strong></span> <span class='ocrx_word' id='word_1_249' title='bbox 1123 2181 1254 2226; x_wconf 85' lang='lat' dir='ltr'><strong>restat,</strong></span> <span class='ocrx_word' id='word_1_250' title='bbox 1286 2182 1327 2215; x_wconf 87' lang='lat' dir='ltr'><strong>ut</strong></span> <span class='ocrx_word' id='word_1_251' title='bbox 1356 2176 1509 2214; x_wconf 90' lang='lat' dir='ltr'><strong>demon-</strong></span> 
     </span>
     <span class='ocr_line' id='line_1_31' title="bbox 37 2247 1511 2305; baseline -0.008 -14"><span class='ocrx_word' id='word_1_252' title='bbox 37 2256 216 2305; x_wconf 62' lang='lat' dir='ltr'><strong>suemus,</strong></span> <span class='ocrx_word' id='word_1_253' title='bbox 253 2267 323 2293; x_wconf 91' lang='lat' dir='ltr'><strong>cur</strong></span> <span class='ocrx_word' id='word_1_254' title='bbox 353 2253 526 2293; x_wconf 89' lang='lat' dir='ltr'><strong>Bekkeri</strong></span> <span class='ocrx_word' id='word_1_255' title='bbox 558 2256 626 2291; x_wconf 86' lang='lat' dir='ltr'><strong>aut</strong></span> <span class='ocrx_word' id='word_1_256' title='bbox 655 2250 803 2291; x_wconf 86' lang='lat' dir='ltr'><strong>Flachii</strong></span> <span class='ocrx_word' id='word_1_257' title='bbox 836 2250 1060 2288; x_wconf 84' lang='lat' dir='ltr'><strong>coniectura</strong></span> <span class='ocrx_word' id='word_1_258' title='bbox 1096 2247 1240 2284; x_wconf 88' lang='lat' dir='ltr'><strong>reiecta</strong></span> <span class='ocrx_word' id='word_1_259' title='bbox 1278 2256 1416 2282; x_wconf 88' lang='lat' dir='ltr'><strong>novam</strong></span> <span class='ocrx_word' id='word_1_260' title='bbox 1449 2254 1511 2279; x_wconf 80' lang='lat' dir='ltr'><strong>ex-</strong></span> 
     </span>
     <span class='ocr_line' id='line_1_32' title="bbox 5 2310 1510 2372; baseline -0.009 -12"><span class='ocrx_word' id='word_1_261' title='bbox 5 2322 209 2372; x_wconf 65' lang='lat' dir='ltr'><strong>⁴plicandi</strong></span> <span class='ocrx_word' id='word_1_262' title='bbox 244 2323 449 2372; x_wconf 87' lang='lat' dir='ltr'><strong>rationem,</strong></span> <span class='ocrx_word' id='word_1_263' title='bbox 485 2334 601 2371; x_wconf 84' lang='lat' dir='ltr'><strong>quam</strong></span> <span class='ocrx_word' id='word_1_264' title='bbox 638 2331 758 2369; x_wconf 89' lang='lat' dir='ltr'><strong>supra</strong></span> <span class='ocrx_word' id='word_1_265' title='bbox 794 2316 1122 2363; x_wconf 81' lang='lat' dir='ltr'><strong>adumbravimus,</strong></span> <span class='ocrx_word' id='word_1_266' title='bbox 1158 2312 1336 2362; x_wconf 88' lang='lat' dir='ltr'><strong>proferre</strong></span> <span class='ocrx_word' id='word_1_267' title='bbox 1373 2310 1510 2348; x_wconf 86' lang='lat' dir='ltr'><strong>consti-</strong></span> 
     </span>
     <span class='ocr_line' id='line_1_33' title="bbox 38 2379 1513 2440; baseline -0.011 -11"><span class='ocrx_word' id='word_1_268' title='bbox 38 2389 240 2428; x_wconf 89' lang='lat' dir='ltr'><strong>tuerimus.</strong></span> <span class='ocrx_word' id='word_1_269' title='bbox 300 2391 349 2428; x_wconf 86' lang='lat' dir='ltr'><strong>Et</strong></span> <span class='ocrx_word' id='word_1_270' title='bbox 379 2390 546 2440; x_wconf 89' lang='lat' dir='ltr'><strong>primum</strong></span> <span class='ocrx_word' id='word_1_271' title='bbox 579 2386 735 2438; x_wconf 90' lang='lat' dir='ltr'><strong>quidem</strong></span> <span class='ocrx_word' id='word_1_272' title='bbox 767 2386 836 2423; x_wconf 84' lang='lat' dir='ltr'><strong>has</strong></span> <span class='ocrx_word' id='word_1_273' title='bbox 863 2388 942 2423; x_wconf 87' lang='lat' dir='ltr'><strong>tres</strong></span> <span class='ocrx_word' id='word_1_274' title='bbox 970 2382 1215 2421; x_wconf 83' lang='lat' dir='ltr'><strong>coniecturas</strong></span> <span class='ocrx_word' id='word_1_275' title='bbox 1247 2390 1372 2428; x_wconf 84' lang='lat' dir='ltr'><strong>aeque</strong></span> <span class='ocrx_word' id='word_1_276' title='bbox 1402 2379 1513 2425; x_wconf 85' lang='lat' dir='ltr'><strong>aptas</strong></span> 
     </span>
    </p>
   </div>
   <div class='ocr_carea' id='block_1_3' title="bbox 42 2472 162 2475">
    <p class='ocr_par' dir='ltr' id='par_1_3' title="bbox 42 2472 162 2475">
     <span class='ocr_line' id='line_1_34' title="bbox 42 2472 162 2475; baseline 0 0"><span class='ocrx_word' id='word_1_277' title='bbox 42 2472 162 2475; x_wconf 95' lang='lat' dir='ltr'><strong> </strong></span> 
     </span>
    </p>
   </div>
   <div class='ocr_carea' id='block_1_4' title="bbox 168 2473 310 2475">
    <p class='ocr_par' dir='ltr' id='par_1_4' title="bbox 168 2473 310 2475">
     <span class='ocr_line' id='line_1_35' title="bbox 168 2473 310 2475; baseline 0 0"><span class='ocrx_word' id='word_1_278' title='bbox 168 2473 310 2475; x_wconf 95' lang='lat' dir='ltr'><strong> </strong></span> 
     </span>
    </p>
   </div>
   <div class='ocr_carea' id='block_1_5' title="bbox 39 2506 1515 2731">
    <p class='ocr_par' dir='ltr' id='par_1_5' title="bbox 39 2506 1515 2731">
     <span class='ocr_line' id='line_1_36' title="bbox 154 2506 1513 2563; baseline -0.012 -9"><span class='ocrx_word' id='word_1_279' title='bbox 154 2522 183 2563; x_wconf 83' lang='grc'><strong>1)</strong></span> <span class='ocrx_word' id='word_1_280' title='bbox 213 2520 315 2555; x_wconf 84' lang='lat' dir='ltr'><strong>Hane</strong></span> <span class='ocrx_word' id='word_1_281' title='bbox 333 2520 512 2555; x_wconf 85' lang='lat' dir='ltr'><strong>rationem</strong></span> <span class='ocrx_word' id='word_1_282' title='bbox 531 2519 648 2554; x_wconf 85' lang='lat' dir='ltr'><strong>secuti</strong></span> <span class='ocrx_word' id='word_1_283' title='bbox 667 2520 750 2552; x_wconf 83' lang='lat' dir='ltr'><strong>sunt</strong></span> <span class='ocrx_word' id='word_1_284' title='bbox 768 2513 1050 2551; x_wconf 86' lang='lat' dir='ltr'><strong>Schneiderusl.</strong></span> <span class='ocrx_word' id='word_1_285' title='bbox 1069 2522 1098 2546; x_wconf 93' lang='lat' dir='ltr'><strong>c.</strong></span> <span class='ocrx_word' id='word_1_286' title='bbox 1116 2521 1166 2545; x_wconf 89' lang='lat' dir='ltr'><strong>nr.</strong></span> <span class='ocrx_word' id='word_1_287' title='bbox 1185 2513 1267 2553; x_wconf 81' lang='grc'>215;</span> <span class='ocrx_word' id='word_1_288' title='bbox 1293 2506 1513 2542; x_wconf 81' lang='lat' dir='ltr'><strong>Schraderus</strong></span> 
     </span>
     <span class='ocr_line' id='line_1_37' title="bbox 39 2560 1491 2621; baseline -0.011 -10"><span class='ocrx_word' id='word_1_289' title='bbox 39 2577 62 2611; x_wconf 92' lang='lat' dir='ltr'><strong>l.</strong></span> <span class='ocrx_word' id='word_1_290' title='bbox 80 2577 101 2612; x_wconf 90' lang='lat' dir='ltr'><strong>l.</strong></span> <span class='ocrx_word' id='word_1_291' title='bbox 126 2587 161 2620; x_wconf 90' lang='lat' dir='ltr'><strong>p.</strong></span> <span class='ocrx_word' id='word_1_292' title='bbox 179 2579 261 2621; x_wconf 82' lang='lat'><strong>4313</strong></span> <span class='ocrx_word' id='word_1_293' title='bbox 286 2576 510 2612; x_wconf 85' lang='lat' dir='ltr'><strong>Schmidtius</strong></span> <span class='ocrx_word' id='word_1_294' title='bbox 536 2576 557 2610; x_wconf 93' lang='lat' dir='ltr'><strong>l.</strong></span> <span class='ocrx_word' id='word_1_295' title='bbox 576 2586 605 2610; x_wconf 89' lang='lat' dir='ltr'><strong>c.</strong></span> <span class='ocrx_word' id='word_1_296' title='bbox 631 2586 665 2619; x_wconf 89' lang='lat' dir='ltr'><strong>p.</strong></span> <span class='ocrx_word' id='word_1_297' title='bbox 684 2578 759 2615; x_wconf 80' lang='lat'><strong>253,</strong></span> <span class='ocrx_word' id='word_1_298' title='bbox 785 2583 803 2607; x_wconf 88' lang='lat' dir='ltr'><strong>e</strong></span> <span class='ocrx_word' id='word_1_299' title='bbox 830 2571 962 2616; x_wconf 81' lang='lat' dir='ltr'><strong>quibus</strong></span> <span class='ocrx_word' id='word_1_300' title='bbox 987 2568 1211 2604; x_wconf 89' lang='lat' dir='ltr'><strong>Schraderus</strong></span> <span class='ocrx_word' id='word_1_301' title='bbox 1237 2560 1380 2600; x_wconf 55' lang='lat' dir='ltr'><strong>verba?</strong></span> <span class='ocrx_word' id='word_1_302' title='bbox 1365 2576 1423 2607; x_wconf 99' lang='grc'><em>3</em></span> <span class='ocrx_word' id='word_1_303' title='bbox 1402 2572 1491 2605; x_wconf 54' lang='lat' dir='ltr'><strong>occu·</strong></span> 
     </span>
     <span class='ocr_line' id='line_1_38' title="bbox 42 2618 1514 2677; baseline -0.013 -8"><span class='ocrx_word' id='word_1_304' title='bbox 42 2642 120 2677; x_wconf 84' lang='lat' dir='ltr'><strong>sqq.</strong></span> <span class='ocrx_word' id='word_1_305' title='bbox 150 2633 197 2667; x_wconf 86' lang='lat' dir='ltr'><strong>ad</strong></span> <span class='ocrx_word' id='word_1_306' title='bbox 222 2632 452 2668; x_wconf 89' lang='lat' dir='ltr'><strong>Zenodorum</strong></span> <span class='ocrx_word' id='word_1_307' title='bbox 480 2631 603 2673; x_wconf 85' lang='lat' dir='ltr'><strong>refert,</strong></span> <span class='ocrx_word' id='word_1_308' title='bbox 635 2629 879 2665; x_wconf 87' lang='lat' dir='ltr'><strong>Schneiderus</strong></span> <span class='ocrx_word' id='word_1_309' title='bbox 908 2630 944 2661; x_wconf 88' lang='lat' dir='ltr'><strong>et</strong></span> <span class='ocrx_word' id='word_1_310' title='bbox 967 2624 1189 2660; x_wconf 88' lang='lat' dir='ltr'><strong>Schmidtius</strong></span> <span class='ocrx_word' id='word_1_311' title='bbox 1220 2622 1265 2656; x_wconf 85' lang='lat' dir='ltr'><strong>ad</strong></span> <span class='ocrx_word' id='word_1_312' title='bbox 1290 2618 1514 2654; x_wconf 88' lang='lat' dir='ltr'><strong>Zenodotum</strong></span> 
     </span>
     <span class='ocr_line' id='line_1_39' title="bbox 42 2674 1515 2731; baseline -0.013 -6"><span class='ocrx_word' id='word_1_313' title='bbox 42 2689 235 2724; x_wconf 85' lang='lat' dir='ltr'><strong>Mallotam.</strong></span> <span class='ocrx_word' id='word_1_314' title='bbox 284 2690 362 2731; x_wconf 83' lang='lat' dir='ltr'><strong>Qua</strong></span> <span class='ocrx_word' id='word_1_315' title='bbox 387 2690 432 2724; x_wconf 87' lang='lat' dir='ltr'><strong>de</strong></span> <span class='ocrx_word' id='word_1_316' title='bbox 457 2698 569 2724; x_wconf 83' lang='lat' dir='ltr'><strong>eausa</strong></span> <span class='ocrx_word' id='word_1_317' title='bbox 592 2686 817 2722; x_wconf 85' lang='lat' dir='ltr'><strong>Schraderus</strong></span> <span class='ocrx_word' id='word_1_318' title='bbox 843 2684 887 2718; x_wconf 86' lang='lat' dir='ltr'><strong>de</strong></span> <span class='ocrx_word' id='word_1_319' title='bbox 905 2682 1092 2717; x_wconf 90' lang='lat' dir='ltr'><strong>Zenodoro</strong></span> <span class='ocrx_word' id='word_1_320' title='bbox 1117 2678 1350 2724; x_wconf 85' lang='lat' dir='ltr'><strong>grammatico</strong></span> <span class='ocrx_word' id='word_1_321' title='bbox 1377 2674 1515 2717; x_wconf 85' lang='lat' dir='ltr'><strong>cogita-</strong></span> 
     </span>
    </p>
   </div>
   <div class='ocr_carea' id='block_1_6' title="bbox 42 2743 1113 2846">
    <p class='ocr_par' dir='ltr' id='par_1_6' title="bbox 42 2743 1113 2846">
     <span class='ocr_line' id='line_1_40' title="bbox 42 2743 671 2790; baseline -0.002 -11"><span class='ocrx_word' id='word_1_322' title='bbox 42 2745 149 2790; x_wconf 80' lang='lat' dir='ltr'><strong>verit,</strong></span> <span class='ocrx_word' id='word_1_323' title='bbox 172 2743 266 2780; x_wconf 83' lang='lat' dir='ltr'><strong>infra</strong></span> <span class='ocrx_word' id='word_1_324' title='bbox 290 2744 410 2780; x_wconf 85' lang='lat' dir='ltr'><strong>fusius</strong></span> <span class='ocrx_word' id='word_1_325' title='bbox 437 2745 671 2780; x_wconf 88' lang='lat' dir='ltr'><strong>disseremus.</strong></span> 
     </span>
     <span class='ocr_line' id='line_1_41' title="bbox 154 2794 1113 2846; baseline -0.011 -9"><span class='ocrx_word' id='word_1_326' title='bbox 154 2802 184 2846; x_wconf 70' lang='grc'><strong>2)</strong></span> <span class='ocrx_word' id='word_1_327' title='bbox 210 2800 266 2837; x_wconf 86' lang='lat' dir='ltr'><strong>Cf.</strong></span> <span class='ocrx_word' id='word_1_328' title='bbox 290 2801 411 2845; x_wconf 85' lang='lat' dir='ltr'><strong>Daub,</strong></span> <span class='ocrx_word' id='word_1_329' title='bbox 434 2800 586 2836; x_wconf 84' lang='lat' dir='ltr'><strong>Jahrbb.</strong></span> <span class='ocrx_word' id='word_1_330' title='bbox 603 2799 626 2835; x_wconf 88' lang='lat' dir='ltr'><strong>f.</strong></span> <span class='ocrx_word' id='word_1_331' title='bbox 645 2798 733 2833; x_wconf 85' lang='lat' dir='ltr'><strong>Phil.</strong></span> <span class='ocrx_word' id='word_1_332' title='bbox 760 2796 886 2841; x_wconf 86' lang='lat' dir='ltr'><strong>Suppl.</strong></span> <span class='ocrx_word' id='word_1_333' title='bbox 904 2794 958 2828; x_wconf 87' lang='lat' dir='ltr'><strong>XI</strong></span> <span class='ocrx_word' id='word_1_334' title='bbox 983 2805 1019 2839; x_wconf 89' lang='lat' dir='ltr'><strong>p.</strong></span> <span class='ocrx_word' id='word_1_335' title='bbox 1038 2796 1113 2828; x_wconf 80' lang='grc'>460.</span> 
     </span>
    </p>
   </div>
  </div>
 </body>
</html>
