1830 3201
278 174 330 210 68

387 283 431 320 A.
477 284 799 322 Intransitive
830 284 990 322 verbum
1024 284 1246 322 adhibetur:

388 361 423 387 α.
468 350 669 397 Absolute,
701 352 724 388 i.
753 364 785 389 e.
815 352 898 390 sine
929 352 1008 390 ullo
1040 352 1315 401 additamento,
1351 364 1428 401 quo
1458 352 1559 390 actio
1582 350 1750 389 verbalis

274 419 496 456 accuratius
538 417 803 468 describatur,
843 420 1004 458 verbum
1044 420 1204 469 ponitur
1244 419 1284 457 B
1315 422 1391 458 179
1434 409 1529 456 ἀλλ’
1559 414 1627 455 ἴθι
1666 415 1748 455 νῖν

273 479 385 522 κατὰ
416 478 526 522 λαὸν
557 474 748 536 Ἀχαιῶν,
777 483 885 538 μηδέ
914 477 950 523 τ’
972 478 1119 537 {onitu
1149 487 1192 524 X
1210 490 1286 526 185
1319 482 1460 537 ἕρξον,
1492 478 1579 535 ὅπῃ
1607 479 1657 535 δή
1679 496 1746 522 τοι

273 546 377 598 νόος
413 546 583 600 ἔπλετο,
619 550 767 604 μηδέ-1)
798 544 836 590 τ)
858 547 994 604 ἐρώει.
1056 556 1234 604 Utroque
1265 555 1348 593 1000
1387 554 1617 604 Spitznerus
1651 542 1750 604 μηδ’

273 612 330 656 ἴτ’
375 621 492 658 scribi
544 621 656 659 iussit
705 622 986 671 interpretatus
1036 635 1156 667 „neve
1207 622 1351 660 diutius
1401 622 1637 671 cuncteris“,
1687 621 1748 658 cui

274 689 509 726 Duebnerus
540 689 576 726 in
603 689 773 728 editione
797 702 867 727 sua
899 690 1110 727 obsecutus
1139 693 1206 727 est.
1266 690 1390 727 Etiam
1414 689 1584 733 Faesius,
1616 700 1749 737 quam-

273 769 387 805 quam
420 752 528 807 μηδέ
557 747 595 792 τ’
627 757 664 795 in
698 760 844 795 textum
879 758 1040 807 recepit,
1070 757 1395 806 significationem
1419 755 1628 795 cunctandi
1661 768 1747 805 pro-

274 825 349 862 bat.
408 824 483 862 Sed
513 828 619 863 recte
652 824 854 863 admonuit
875 825 1177 863 Doederleinius
1199 825 1320 863 verbo
1343 821 1497 876 ἕρωεῖν
1522 822 1743 871 „cunctari“

272 904 465 940 nusquam
499 892 709 941 designari.
770 892 1032 931 Offensionem
1069 895 1210 942 autem,
1242 905 1357 942 quam
1390 891 1612 930 coniunctio
1642 885 1751 942 μηδέ

269 951 315 996 ’τε
365 960 508 998 habere
553 959 722 1009 videtur,
767 961 1011 999 sustulerunt
1057 957 1435 1009 Naegelsbachius2)
1482 959 1748 1010 imprimisque

272 1026 513 1077 Ameisiusss),
534 1029 599 1077 qui
616 1031 849 1077 argumenta
866 1029 902 1066 in
922 1030 1201 1067 sententiarum
1221 1041 1324 1067 nexu
1342 1029 1468 1078 posita
1485 1031 1604 1077 atque
1621 1039 1747 1064 exem-

272 1097 339 1145 pla
379 1096 555 1133 similium
599 1097 918 1134 coniunctionum
956 1097 1126 1134 afferens
1168 1098 1205 1133 et
1237 1097 1467 1146 scripturam
1503 1084 1601 1146 ,myd'
1623 1083 1681 1131 ’ἐτ’
1711 1096 1749 1131 et

272 1164 634 1213 interpretationem
667 1163 860 1213 Spitzneri
893 1176 977 1202 esse
1009 1176 1236 1213 perversam
1275 1163 1400 1201 docet.
1460 1162 1586 1201 Schol.
1610 1163 1642 1200 L
1674 1163 1746 1199 iam

273 1235 378 1269 recte
411 1231 572 1269 verbum
604 1231 799 1270 intellexit
831 1232 1029 1280 explicans
1057 1224 1114 1281 μὴ
1147 1225 1309 1268 παύου.
1370 1231 1624 1269 Recentiores
1653 1241 1747 1267 vero

272 1300 517 1349 interpretes,
549 1300 732 1349 quoniam
765 1299 885 1337 verbo
907 1294 1062 1348 ἐρωεῑι·
1083 1294 1324 1349 (quiescere)
1353 1299 1556 1348 genetivus
1587 1297 1746 1335 ablativi

270 1368 355 1405 vice
388 1367 556 1417 fungens
593 1380 699 1405 more
731 1367 937 1405 verborum
970 1367 1183 1405 desistendi
1218 1366 1318 1404 adici
1351 1367 1460 1415 solet,
1501 1365 1550 1413 id,
1591 1365 1638 1402 de
1669 1376 1746 1414 quo

272 1436 452 1473 Minerva
482 1434 521 1472 B
544 1438 621 1474 179
659 1448 736 1473 non
769 1435 956 1473 desistere
996 1436 1164 1483 iubetur,
1201 1434 1358 1472 diverso
1390 1433 1503 1472 modo
1536 1433 1747 1471 subaudire

274 1503 523 1547 st11duerunt3
556 1503 608 1540 ita
630 1503 966 1553 Naegelsbachius
987 1503 1145 1552 supplet
1166 1500 1248 1539 τοῦ
1271 1495 1414 1552 ἔργου,
1446 1501 1747 1540 Doederleinius

271 1568 352 1607 τοῦ
387 1563 597 1621 ἐρητύειν.
657 1571 742 1608 Νο0
773 1583 867 1608 vero
899 1570 1025 1615 video,
1067 1583 1144 1620 quo
1187 1571 1270 1608 iure
1312 1569 1612 1608 Doederleinius
1651 1568 1745 1606 illud

272 1639 384 1676 simul
416 1639 569 1682 audiat3
602 1631 800 1689 ἐρητύειν
831 1638 931 1676 enim
964 1639 999 1675 in
1032 1651 1066 1675 v.
1092 1640 1170 1677 180
1202 1638 1388 1686 sequitur.
1439 1637 1541 1685 Quid
1573 1636 1746 1675 Doeder-

272 1707 410 1745 leinius
443 1705 582 1745 X185
621 1706 842 1755 subaudiet,
884 1707 1109 1755 praesertim
1142 1718 1226 1743 cum
1260 1706 1333 1743 hoc
1365 1706 1450 1743 loco
1482 1704 1606 1743 oratio
1637 1704 1747 1742 finita

271 1774 349 1812 sit?
409 1775 586 1823 Utroque
609 1775 726 1823 igitur
749 1774 835 1811 1000
860 1773 1038 1812 similiter
1060 1777 1178 1823 atque
1201 1774 1238 1811 in
1261 1773 1392 1811 verbis
1415 1773 1558 1811 nostris
1584 1773 1746 1818 „ruhen‚

270 1842 387 1890 liissig
417 1841 523 1880 sein“
564 1842 772 1891 quicquam
806 1841 1017 1879 subaudire
1054 1842 1145 1879 mihi
1178 1841 1334 1890 quidem
1371 1854 1449 1879 non
1481 1839 1742 1879 necessarium

268 1909 443 1953 videtui-3
475 1909 541 1947 sed
574 1909 895 1958 quandoquidem
929 1909 979 1955 id,
1011 1910 1116 1958 quod
1147 1922 1217 1947 nos
1238 1912 1419 1947 notamus
1448 1908 1591 1947 nostris
1613 1907 1744 1946 verbis

272 1976 433 2026 „rulien,
465 1977 584 2025 lassig
606 1976 728 2026 sein“,
760 1976 808 2013 ad
841 1977 1044 2026 actionem,
1076 1988 1175 2026 quae
1207 1977 1239 2013 ei
1264 1977 1421 2025 actioni,
1453 1987 1568 2025 quam
1600 1974 1746 2013 indicat

267 2045 428 2082 verbum
456 2044 644 2094 „rulien“,
674 2044 903 2094 praecessit,
933 2056 974 2082 se
997 2043 1144 2082 referre
1176 2046 1482 2082 consentaneum
1506 2046 1574 2091 est,
1607 2043 1641 2080 B
1667 2043 1743 2080 179

266 2111 363 2149 illud
393 2108 502 2162 μηδέ
530 2101 567 2148 τ’
590 2105 715 2162 ἐρώει
747 2112 796 2150 ad
826 2111 1062 2150 antecedens
1084 2106 1150 2148 ἴθι.
1183 2123 1228 2149 ac
1251 2109 1390 2149 X185
1423 2110 1470 2149 ad
1505 2109 1745 2149 antecedens

267 2172 394 2229 ἕρξον
424 2179 676 2217 referendum
709 2181 778 2218 est.

379 2288 406 2329 1)
438 2287 488 2320 La
505 2286 668 2321 Rochius
693 2286 728 2320 in
752 2286 808 2320 ed.
826 2286 901 2320 crit.
925 2286 963 2320 X
984 2289 1043 2320 185
1068 2281 1160 2329 μηδέ
1187 2285 1308 2319 multis
1327 2284 1517 2319 codicibus
1536 2283 1745 2319 auctoribus

266 2341 302 2374 in
326 2337 376 2384 μή
403 2344 439 2375 et
464 2337 501 2374 δέ
530 2341 785 2375 dissecandum
804 2351 885 2375 esse
912 2345 1049 2384 censet,
1075 2341 1145 2375 etsi
1171 2341 1203 2373 B
1225 2343 1285 2374 179
1310 2336 1402 2383 μηδὲ
1430 2339 1588 2384 scripsit.
1635 2338 1689 2373 At
1713 2339 1743 2373 si

264 2395 549 2439 consideramus,
584 2406 656 2439 qua
685 2396 825 2431 ratione
858 2397 952 2430 duae
985 2396 1067 2430 illae
1099 2395 1373 2430 enuntiationes
1403 2396 1435 2429 B
1462 2397 1523 2429 179
1554 2399 1591 2429 et
1620 2395 1658 2428 X
1681 2397 1742 2429 185

264 2452 338 2485 sint
366 2453 597 2496 compositae,
631 2452 921 2487 adhortationem
955 2456 1110 2496 utroque
1142 2452 1224 2486 loeo
1256 2451 1409 2495 primum
1441 2449 1658 2485 affirmative
1683 2450 1743 2484 da-

263 2511 345 2551 tam,
371 2507 503 2542 deinde
528 2509 701 2552 negative
726 2509 920 2552 repetitam
939 2518 1020 2543 esse
1045 2507 1225 2543 videmus.
1274 2506 1348 2541 Cur
1373 2506 1411 2540 in
1428 2505 1742 2541 enuntiationibus

263 2563 400 2607 pariter
431 2564 642 2607 compositis
674 2564 788 2598 altera
814 2564 929 2598 altero
955 2565 1035 2598 loco
1068 2563 1277 2598 coniunctio
1312 2566 1481 2607 ponatur,
1513 2572 1620 2596 nemo
1651 2561 1742 2596 satis

263 2619 445 2663 dispicere
479 2622 613 2663 potest.
661 2618 808 2663 Optima
832 2620 1045 2654 coniunctio
1078 2619 1229 2653 duorum
1258 2619 1553 2663 imperativorum
1584 2621 1740 2661 utroque

263 2676 340 2710 loco
365 2675 460 2709 haud
478 2675 587 2710 dubie
612 2679 668 2710 est
691 2672 783 2719 μηδὲ
803 2671 844 2717 τ’,
870 2676 1007 2720 quippe
1025 2685 1118 2719 quae
1142 2674 1346 2710 sententiae
1364 2674 1514 2709 maxime
1532 2673 1740 2708 conveniat.

373 2734 403 2775 2)
438 2730 494 2767 Of.
519 2731 644 2766 adnot.
670 2732 717 2766 ad
742 2732 774 2765 B
794 2735 868 2766 179.

376 2789 406 2831 ³)
444 2786 499 2822 Of.
525 2787 626 2823 Neue
650 2786 801 2822 Jahrbb.
819 2786 843 2822 f.
861 2787 950 2822 Phil.
969 2790 1024 2831 59,
1042 2790 1116 2823 274.

1824 2147 1830 2354 l

1825 2406 1830 2688 l

1821 3049 1830 3201 1
