1815 3231
1461 202 1536 238 221

58 305 193 344 videas
231 307 445 345 sententias
478 308 618 346 allatas
655 308 715 345 hic
747 309 827 346 illic
865 310 964 347 inter
996 321 1036 347 se
1069 309 1239 361 differre,
1274 312 1430 360 saepius
1463 312 1545 350 scre

59 372 214 410 casdem
256 385 360 423 esse,
407 387 540 413 omnes
585 375 822 425 quicumque
866 380 1006 425 quarto
1050 378 1187 426 quinto
1231 382 1342 417 sexto
1386 380 1544 417 sacculo

58 453 94 489 p.
117 440 207 478 Chr.
231 454 266 478 n.
298 441 444 479 scholia
475 442 762 492 exemplaribus
795 443 1090 494 adscripserint,
1122 449 1277 484 constat
1306 450 1373 485 aut
1405 448 1453 485 ab
1482 460 1544 485 eo-

58 507 144 545 dem
169 512 302 546 vetere
324 511 604 548 commentario
635 510 716 548 sive
750 511 797 548 ab
829 512 973 549 eisdem
1004 515 1296 552 commentariis
1327 518 1394 553 aut
1425 528 1542 553 unum

59 575 107 612 ab
140 576 261 613 altero
295 576 531 626 dependere,
566 590 801 627 quamquam
835 580 896 616 hic
925 580 1001 617 illic
1036 593 1135 618 unus
1157 582 1306 620 alterve
1330 595 1464 621 eorum
1497 596 1543 621 ex

58 655 129 681 suo
160 644 321 682 arbitrio
354 645 502 693 aliquid
535 646 698 683 addidit.
758 647 834 683 Iam
868 648 1047 696 quaestio
1080 652 1139 686 est
1169 661 1286 699 saepe
1308 652 1475 689 tractata
1506 656 1545 688 et

59 723 108 749 ne
146 711 262 749 hodie
293 712 449 760 quidem
493 713 682 759 absoluta,
720 714 862 763 quibus
900 716 956 752 usi
996 717 1072 753 sint
1110 719 1396 756 commentariis
1434 719 1543 757 scho-

57 779 206 816 liastae.
273 779 341 817 Cui
386 792 472 817 cum
511 793 582 829 per
620 793 661 818 se
705 781 819 819 facile
857 782 1037 820 videatur
1077 796 1190 832 posse
1228 785 1457 835 responderi
1490 806 1542 811 ——

59 859 146 884 nam
187 846 280 896 quid
320 848 566 886 verisimilius
607 853 666 886 est
710 862 825 897 quam
869 854 1077 900 usurpatos
1119 864 1204 890 esse
1246 856 1544 893 commentarios

59 914 239 964 Didymi,
276 914 516 966 Symmachi,
554 916 722 954 Phaini?
752 938 815 963 —-,
860 918 1169 966 Schneiderus7)
1207 922 1356 970 primus
1393 923 1545 971 putavit

58 995 136 1020 uno
177 982 411 1032 Symmacho
461 985 556 1022 alios
597 986 897 1024 commentarios
943 987 981 1024 in
1023 999 1136 1025 usum
1178 1000 1290 1026 suum
1332 989 1543 1028 adhibente

58 1062 151 1089 usos
181 1062 265 1089 esse
296 1051 542 1100 scholiastaS,
575 1053 637 1091 cui
659 1055 879 1091 sententiae
911 1054 1041 1104 aliqua
1073 1068 1118 1093 ex
1151 1060 1261 1105 parte
1294 1056 1402 1095 favet
1429 1058 1544 1095 Wila-

59 1118 326 1166 mowitzinsss)
401 1119 476 1158 Sed
529 1124 571 1158 ut
616 1121 890 1170 Symmachum
940 1123 1093 1171 Didymi
1141 1127 1460 1164 commentarium
1507 1128 1542 1164 in

59 1199 169 1224 usum
215 1198 376 1225 vocasse
423 1191 589 1238 constat,
636 1192 679 1226 ut
725 1193 831 1228 certe
876 1190 978 1227 iusto
1021 1190 1104 1229 iure
1152 1192 1300 1230 scholia
1343 1193 1543 1243 redegisse

59 1254 228 1304 dicatur,
258 1255 312 1292 ita
343 1267 430 1292 eum
464 1258 502 1293 et
531 1259 778 1294 vetustorum
811 1258 1153 1305 grammaticorum
1182 1260 1542 1299 Alexandrinorum

59 1322 266 1360 uberrimis
297 1323 481 1360 subsidiis
519 1324 734 1373 copiisque,
771 1324 806 1362 id
846 1324 952 1373 quod
990 1326 1144 1374 putavit
1176 1326 1452 1378 Schneiderus,
1489 1330 1542 1366 in-

59 1392 251 1427 structum
289 1389 410 1428 fuisse
448 1393 486 1428 ct
524 1391 607 1429 eius
645 1393 962 1430 commentarium
1002 1393 1122 1431 solum
1162 1407 1183 1431 a
1220 1395 1441 1433 scholiastis
1478 1396 1542 1434 ad-

59 1457 222 1495 hibitum
242 1469 327 1496 esse
350 1460 457 1496 recte
475 1458 749 1497 refutaverunt
771 1460 963 1509 Engerus,
984 1461 1278 1511 Bernhardyus,
1300 1463 1536 1501 Schmidtius

59 1525 284 1575 Schneeius,
323 1524 731 1576 Seliauenb111·gius”),
768 1528 833 1576 qui
873 1527 1133 1567 Chalcentero
1172 1541 1283 1567 suum
1320 1531 1544 1569 tribuebant

59 1594 200 1643 locum,
237 1594 311 1643 ipsi
344 1597 480 1632 contra
512 1595 573 1631 hic
604 1594 684 1632 illic
715 1595 799 1632 eius
831 1595 1001 1633 studium
1034 1599 1072 1634 et
1103 1609 1262 1646 operam
1295 1598 1399 1635 nimii
1432 1600 1543 1636 aesti-

59 1664 221 1699 mantes.
280 1662 433 1700 Etenim
464 1661 686 1711 Symmachi
711 1664 1031 1701 commentarium
1065 1677 1193 1713 neque
1218 1669 1327 1703 tanto
1351 1670 1543 1715 apparatu

60 1730 295 1767 instructum
327 1729 447 1767 fuisse
485 1742 613 1779 neque
644 1731 770 1768 solum
806 1731 844 1768 in
877 1743 988 1769 usum
1022 1737 1200 1770 vocatum
1234 1745 1318 1771 esse
1357 1734 1545 1782 probatur

60 1800 98 1835 et
129 1797 287 1835 scholiis
315 1797 422 1846 ipsis,
454 1798 501 1852 de
523 1810 602 1847 qua
624 1811 666 1836 re
698 1799 745 1836 ab
767 1799 987 1837 hominibus
1010 1799 1134 1838 doctis
1165 1801 1238 1838 iam
1273 1802 1366 1839 satis
1398 1802 1543 1839 dictum

60 1868 118 1904 est
140 1870 178 1904 et
200 1866 272 1914 ipsi
296 1866 358 1903 hic
379 1866 456 1903 illic
478 1866 710 1916 videbimus,
741 1870 788 1915 et,
818 1867 855 1905 id
879 1868 985 1916 quod
1010 1867 1290 1915 Dindorfiusw)
1317 1874 1424 1907 recte
1447 1870 1544 1907 indi-

60 1934 173 1979 cavit,
204 1933 560 1982 subscriptionibus
589 1934 735 1973 codicis
758 1935 807 1971 V:
840 1931 1204 1985 παραγέγραπται
1232 1931 1279 1973 ἐκ
1301 1935 1393 1973 τῶν
1419 1934 1545 1974 (1)(ιεὶ-

62 2012 142 2038 t‘ov
182 1997 252 2038 καὶ
293 1994 534 2051 Συμμάχου
575 1998 645 2039 καὶ
686 1993 834 2039 ἄλλων
871 2001 1009 2039 τινο”ι’
1050 2001 1102 2050 (in
1141 2002 1215 2041 fine
1252 2003 1459 2053 Nubium),
1498 2000 1546 2042 ἐκ

65 2065 257 2106 Φαείνοι·
287 2065 362 2106 καὶ
384 2062 629 2119 Συμμάχου
661 2069 713 2116 (in
738 2069 815 2108 fine
837 2069 979 2119 Pacis),
1010 2066 1057 2107 ἐκ
1083 2069 1178 2107 τῶν
1199 2064 1442 2121 Συμμάχου
1473 2069 1544 2109 καὶ

63 2129 216 2174 ἄλλων
238 2133 429 2187 σχολίωι)
462 2134 518 2188 (in
541 2137 616 2176 fine
639 2137 811 2184 Avium).
853 2138 1019 2176 Accedit
1050 2139 1155 2188 quod
1178 2139 1215 2177 id
1240 2139 1546 2190 fundamentum,

61 2217 139 2254 quo
172 2217 288 2254 quam
310 2206 477 2244 maxime
506 2206 630 2244 utitur
652 2205 931 2256 Schneiderus,
962 2206 1116 2244 labitur.
1174 2208 1326 2257 Nempe
1358 2208 1549 2246 conclusit

62 2315 231 2348 Ueterum
265 2313 446 2357 permulta
478 2313 582 2348 nobis
608 2318 804 2348 occurrent
834 2314 1010 2357 exempla,
1046 2314 1106 2347 ubi
1139 2315 1286 2348 omissis
1313 2315 1367 2348 his
1394 2315 1548 2349 vocibus

62 2369 167 2412 plura
193 2368 331 2403 scholia
357 2370 392 2403 in
422 2379 532 2403 unum
560 2369 666 2404 vides
692 2374 884 2413 congesta:
916 2370 1154 2413 cognoscitur
1172 2369 1243 2404 tale
1261 2370 1388 2403 vitium
1407 2370 1548 2414 duplici

61 2425 180 2468 modo,
205 2429 269 2459 aut
294 2425 392 2468 quod
419 2425 653 2470 quasijunum
681 2427 883 2460 afferuntur
909 2427 1032 2470 plures
1051 2436 1108 2460 res
1135 2425 1243 2469 plane
1270 2425 1365 2460 inter
1383 2436 1421 2461 se
1447 2427 1548 2461 diffe-

62 2486 184 2516 rentes
210 2486 273 2515 aut
297 2481 396 2525 quod
423 2482 601 2526 repetitae
628 2488 713 2516 sunt
739 2483 883 2518 eaedem
912 2483 1127 2518 sententiae.

175 2542 203 2581 τ)
235 2540 346 2574 Liber
371 2541 503 2574 allatus
530 2541 604 2575 fere
630 2545 731 2575 totus
756 2541 791 2574 in
820 2540 885 2574 hac
910 2550 946 2574 re
972 2545 1151 2584 versatur,
1178 2538 1224 2574 cf.
1251 2549 1331 2583 pag.
1353 2542 1382 2573 9.

175 2600 202 2637 ὃ)
236 2591 291 2631 Cf.
317 2597 446 2633 Philol.
471 2597 689 2633 Untersuch.
718 2598 733 2631 I
759 2609 866 2642 pagg.
892 2601 963 2631 154.
992 2601 1052 2632 1⁴56
1085 2602 1120 2632 et
1149 2597 1345 2642 Euripides
1371 2597 1548 2633 Herakles

64 2654 78 2688 I
105 2664 213 2698 pagg.
232 2658 305 2688 ΠΕ).
326 2658 398 2690 181.

176 2713 204 2754 ‘·’)
236 2710 290 2745 Cf.
316 2711 496 2755 Engerus,
529 2711 805 2746 Zimmermanni
829 2709 1037 2746 Zeitschrift
1060 2709 1082 2745 f.
1104 2711 1138 2745 d.
1157 2709 1293 2745 Altert.
1320 2710 1409 2744 VlIl
1443 2720 1549 2754 pagg.

65 2771 127 2802 5132
144 2778 241 2812 sqq.;
267 2767 539 2813 Bernhardyus,
564 2768 726 2802 Historia
744 2768 811 2802 litt.
830 2768 973 2802 (ἔτι-366.3
995 2767 1030 2801 ΙΙ
1057 2778 1138 2811 pag.
1159 2770 1240 2808 6723
1267 2767 1357 2801 alios
1384 2768 1418 2800 in
1439 2767 1472 2801 11,
1491 2767 1549 2801 all.

162 2826 204 2867 10)
237 2823 291 2858 (fif.
318 2823 507 2859 Duebneri
535 2824 623 2859 edit.
649 2835 683 2869 p.
704 2824 765 2859 VI.
