1830 3201
314 153 364 188 18

311 262 403 300 Her.
426 262 508 307 VII,
533 264 612 299 14O
648 260 702 308 (in
742 261 899 299 oraculo
942 260 1111 310 quodam
1150 260 1372 312 Delpliico);
1408 261 1547 300 Aesch.
1577 261 1685 301 Pers.
1714 264 1783 308 843

313 330 503 368 obiectum
536 323 700 372 ἵππους
736 329 880 377 legitur
910 329 1051 366 Achill.
1073 330 1158 366 Tat.
1186 329 1213 378 I,
1237 332 1285 367 12
1319 342 1355 378 p.
1378 332 1441 379 18,
1465 332 1526 368 18.
1583 330 1786 369 Obiectum

313 392 452 434 ἵππον
485 408 503 433 e
536 396 808 445 superioribus
840 396 952 434 sacile
983 396 1187 434 subaudiri
1218 399 1347 445 potest
1378 397 1414 434 in
1444 397 1545 434 Plut.
1570 398 1677 435 Eum.
1700 410 1730 435 c.
1753 401 1788 436 7:

312 454 578 514 ἀναβληθεὶς
609 458 680 500 ἐπὶ
702 457 782 501 τὸν
805 458 945 501 ἵππον
975 459 1129 501 ἐδίωκε
1160 457 1271 513 πρὸς
1293 455 1488 513 θᾶτερον
1509 462 1649 514 κέρας,
1682 468 1720 503 et
1749 466 1787 502 in

312 532 423 569 Alex.
451 543 481 568 c.
504 534 543 570 6:
572 520 637 576 ‘525-
669 521 707 567 δ’
729 524 844 581 ἑώρα
876 561 882 567 .
915 562 920 567 .
954 560 960 567 .
991 560 998 567 .
1033 522 1236 581 ὀργῶντα
1268 522 1365 580 (τὸν
1387 526 1545 580 ἵππον)
1575 524 1688 581 πρὸς
1708 525 1790 570 τὸν

313 591 478 648 δρόμον
510 588 633 646 ἀφεὶς
665 592 858 636 ἐδίωκεν.
921 599 1030 645 Quae
1053 599 1230 648 exempla
1262 611 1281 636 e
1312 600 1595 648 posterioribus
1626 601 1789 648 scripto—

311 666 420 703 ribus
452 664 539 703 ideo
562 666 686 714 attuli,
717 668 759 703 ut
790 666 980 704 illustrem
1013 665 1204 704 dictiones
1236 666 1423 703 eiusmodi
1456 667 1586 704 sinon
1609 666 1790 716 frequen-

311 736 371 770 ter
403 735 626 782 usurpatas,
657 736 696 770 at
728 736 832 771 certe
864 733 968 770 haud
1000 734 1051 771 ita
1084 734 1260 771 insolitas
1290 729 1421 771 fuisse.

424 822 675 860 Intransitive
707 823 869 860 verbum
901 823 1099 861 invenitur
1129 824 1165 860 in
1199 823 1335 861 eodem
1364 824 1535 861 carmine
1565 822 1612 869 Ψ,
1643 824 1681 861 in
1712 836 1789 873 quo

312 890 419 927 verbi
452 882 652 926 ἐλαύνειν
684 890 848 939 eiusque
881 892 1185 939 compositorum
1224 891 1496 928 intransitivus
1528 903 1623 928 usus
1654 893 1791 929 exstat.

1825 941 1826 945 „
1825 895 1830 927 .(-.
1824 823 1830 847 „m
1821 765 1823 770 .
1822 729 1824 731 ,
1818 661 1830 692 b
1820 528 1829 656 λ,Ὲ-------
1820 329 1825 520 *4—*⁴2<2w20<
1819 234 1825 313 ⁴?r->ff-E
1818 83 1825 222 μὴτ-
1818 0 1823 74 m<-

318 956 469 996 45344:
502 953 537 994 εἰ
568 950 650 1008 γάρ
682 948 720 993 κ’
743 951 789 994 ἐν
817 950 949 1007 νύσσῃ
981 969 1027 1007 γε
1058 951 1422 1008 παρεξελάσῃσθα
1455 951 1642 996 διώκων.
1704 959 1789 1006 Quo

311 1026 397 1064 loco
436 1037 671 1074 quamquam
714 1025 906 1063 obiectum
949 1020 1131 1072 ἵππούς,
1171 1030 1212 1063 ut
1248 1028 1319 1063 iam
1358 1039 1386 1063 s.
1414 1039 1448 1063 v.
1480 1019 1791 1076 παρεξελαύνω
1826 1023 1830 1055 ἒ

316 1093 628 1142 commemoravi‚
650 1105 670 1130 e
693 1093 962 1141 superioribus
986 1091 1036 1141 (v.
1055 1091 1149 1141 341)
1173 1093 1370 1131 subaudiri
1395 1096 1531 1142 potest⁷
1554 1098 1682 1132 tamen
1705 1095 1790 1132 sim-

311 1161 451 1210 plicius
474 1163 532 1198 est
559 1164 596 1197 et
618 1161 780 1198 verbum
802 1154 1161 1210 παρεξελάσῃσθα
1190 1164 1228 1198 et
1250 1161 1497 1210 participium
1522 1154 1697 1198 δίώκων
1718 1174 1789 1211 pro
1827 1167 1830 1193 ἒ

312 1227 571 1265 intransitivis
599 1228 789 1276 accipere.
845 1225 997 1266 41424:
1035 1218 1189 1277 ὀλίγον
1218 1223 1263 1264 δὲ
1291 1224 1566 1277 παρακλίνας
1594 1223 1790 1265 ἐδίωκεν.

316 1295 532 1343 Eleganter
549 1289 731 1331 ἐδίωκεν
748 1294 941 1332 Ameisius
957 1295 1006 1332 ad
1025 1295 1059 1331 h.
1076 1295 1097 1332 l.
1117 1298 1155 1332 et
1171 1294 1343 1333 Seilerus
1364 1295 1620 1334 reddiderunt
1640 1296 1792 1345 „jagen‚
1828 1314 1830 1331 ;

313 1362 594 1412 dallei-jagen“.
642 1363 693 1399 At
721 1362 1017 1400 concedendum
1041 1364 1099 1400 est
1126 1363 1240 1400 etiam
1263 1362 1345 1400 fieri
1373 1374 1499 1411 posse,
1526 1366 1580 1412 ut,
1608 1363 1790 1412 quoniam

311 1442 449 1467 versus
481 1429 720 1467 antecedens
753 1430 945 1468 obiectum
976 1421 1181 1479 μώνυχας
1203 1424 1367 1473 ἵππους
1400 1431 1584 1475 continet,
1616 1429 1710 1468 illud
1744 1443 1790 1468 ex

310 1510 355 1535 co
387 1498 470 1534 sine
503 1497 618 1534 nimia
647 1496 877 1535 difficultate
909 1497 1154 1546 suppleatur.
1212 1495 1361 1535 Ψ547ι
1391 1495 1455 1547 τῷ
1477 1488 1515 1533 κ’
1534 1489 1633 1534 οὔτι
1653 1488 1791 1534 πανύ-

311 1562 476 1609 στατος
499 1555 609 1615 ἦλθε
645 1557 820 1601 διώκων
851 1565 1139 1603 intransitivam
1164 1566 1362 1603 notionem
1394 1577 1610 1614 agnoscere
1641 1566 1792 1614 pariter
1827 1574 1830 1610 j

309 1645 354 1669 ac
392 1635 471 1671 344
511 1632 632 1670 multo
670 1636 844 1682 praestat
882 1645 996 1681 quam
1035 1632 1220 1670 alicunde
1259 1633 1452 1670 obiectum
1494 1633 1608 1670 simul
1644 1632 1791 1671 audire.
1829 1644 1830 1662 i

309 1700 408 1737 Nam
443 1700 598 1737 obiecta
629 1712 729 1748 quae
760 1700 850 1749 sint,
880 1699 984 1737 haud
1013 1700 1067 1737 ita
1095 1699 1191 1737 bene
1223 1712 1243 1737 e
1273 1702 1458 1737 contextu
1491 1700 1620 1748 colligi
1652 1703 1791 1749 potest.

692 1835 750 1868 ΙΙ.
788 1834 852 1869 De
885 1833 1051 1869 omisso
1084 1833 1263 1868 obiecto
1296 1831 1403 1884 νῆα.

422 1911 578 1960 Ellipsis
611 1912 751 1950 obiecti
784 1909 869 1963 νῆα
899 1914 1049 1949 tantum
1081 1912 1119 1948 in
1152 1910 1331 1960 Odyssea
1363 1914 1504 1950 exstat.

421 1989 455 2015 ιι.
496 1978 702 2017 Structura
732 1977 815 2028 νῆα
849 1969 1025 2016 διώκειν
1056 1979 1174 2016 semel
1205 1980 1243 2016 in
1276 1980 1429 2027 passivo
1461 1979 1617 2027 legitur,
1648 1989 1673 2015 ν
1698 1981 1790 2016 182.
1828 1982 1830 2019 ἶ

422 2045 454 2083 Ζ).
494 2046 696 2084 Obiectum
728 2043 901 2098 σχεδίην
938 2043 1031 2094 (non
1064 2044 1164 2097 νῆα,
1202 2049 1242 2084 ut
1273 2047 1316 2084 L.
1347 2046 1549 2084 Dindorfio
1586 2043 1730 2095 placet)
1770 2058 1789 2083 e
1829 2061 1830 2097 3

311 2114 579 2162 superioribus
610 2114 815 2152 subaudiri
847 2116 1001 2162 oportet
1033 2126 1048 2150 ε
1074 2117 1165 2153 332.

421 2192 452 2219 e.
487 2182 653 2220 Prorsus
677 2182 969 2220 intransitivum
992 2185 1050 2219 est
1066 2182 1230 2219 verbum
1250 2192 1279 2231 μ
1299 2183 1394 2220 1821
1417 2171 1513 2218 ἄλλ’
1531 2172 1603 2219 ὅτε
1625 2174 1788 2219 τόσσον

309 2238 492 2299 ἀπῆμεν,
527 2238 635 2286 ὅσον
665 2260 709 2286 τε
742 2245 903 2298 γέγωνε
937 2241 1106 2297 βοήσας,
1135 2244 1140 2298 Ι
1168 2242 1304 2299 ῥίμφα
1335 2239 1585 2294 διώκοντες.

421 2328 509 2364 Hoc
539 2327 680 2364 addam
712 2330 838 2365 aetate
863 2327 1150 2376 posthomerica
1181 2339 1321 2365 novam
1345 2327 1497 2376 ellipsin
1530 2340 1694 2376 eamque
1725 2328 1790 2365 ob-

308 2394 398 2432 iecti
430 2386 547 2430 πόδα
584 2394 791 2432 incessisse
829 2395 893 2442 ita,
930 2397 972 2431 ut
1002 2394 1236 2443 significatio
1269 2393 1453 2431 currendi
1485 2394 1549 2431 vel
1580 2394 1789 2432 festinandi

310 2463 498 2499 oreretur.
566 2462 692 2499 Etiam
734 2461 831 2499 haec
870 2461 1101 2510 significatio
1143 2461 1180 2498 in
1223 2461 1433 2510 principali
1473 2461 1511 2498 vi
1550 2462 1678 2509 posita
1719 2463 1788 2499 est.

309 2527 371 2566 Sic
402 2530 636 2566 structuram
670 2521 844 2565 διώκειν
871 2521 989 2565 πόδα
1020 2528 1205 2577 scriptam
1227 2527 1405 2565 videmus
1436 2529 1473 2565 in
1508 2528 1650 2566 Aesch.
1679 2529 1789 2566 Eum.

309 2598 389 2634 403
422 2599 460 2633 et
492 2597 582 2633 Eur.
605 2595 732 2634 Orest.
757 2599 876 2645 1344,
908 2595 1152 2634 intransitive
1174 2608 1266 2633 vero
1299 2608 1385 2633 cum
1409 2596 1482 2634 hac
1503 2595 1789 2645 significatione

309 2663 472 2701 verbum
505 2665 733 2712 usurpatum
767 2666 826 2700 est
861 2663 900 2700 in
933 2663 1064 2711 hymn.
1091 2664 1209 2700 Mero.
1238 2665 1319 2701 350
1357 2666 1393 2701 et
1423 2663 1564 2701 Aesch.
1591 2662 1696 2712 Sept.
1724 2665 1788 2701 91.
