1830 3201
289 177 364 213 146

287 298 410 336 usque
433 286 481 325 ad
503 299 540 336 p.
563 289 641 326 383
661 287 701 336 C,
724 288 788 326 ubi
810 289 998 339 exemplis
1021 288 1154 328 docuit
1174 288 1273 327 falsa
1294 292 1331 328 et
1351 289 1556 328 inhonesta
1577 290 1624 329 de
1645 290 1762 329 rebus

287 353 429 391 divinis
460 354 655 404 enarrari3
692 367 781 393 nam
812 356 954 405 induci,
991 359 1033 394 ut
1064 356 1241 405 exempla
1271 357 1442 402 afferam,
1479 355 1574 395 deos
1604 357 1762 395 inimici-

286 421 360 458 tias
391 421 493 458 inter
515 433 555 459 se
587 422 852 469 exercentes1)
885 426 922 461 et
951 423 1045 461 iuris
1065 423 1219 461 iurandi
1246 423 1359 461 fidem
1390 421 1635 472 laedentes.2)
1685 425 1761 462 Ne-

286 500 362 537 que
404 489 540 526 mirum
582 493 656 538 est,
697 490 804 539 quod
846 491 1088 540 grammatici
1130 490 1287 529 Platoni
1328 491 1498 529 oblocuti
1539 495 1631 530 sunt
1670 492 1764 530 talia

287 555 512 605 disserenti3
544 569 630 594 nam
664 570 751 595 cum
783 559 941 597 Homeri
972 559 1198 607 carminum,
1229 571 1329 609 quae
1361 563 1519 609 praeter
1540 559 1617 597 alia
1646 560 1763 598 inter·

287 623 480 674 pretanda
508 624 578 662 sibi
599 629 903 676 proposuerunt,
934 627 1100 664 maxima
1131 629 1362 665 tenerentur
1392 626 1658 675 admiratione,
1688 627 1764 665 fac—

286 694 366 728 tum
399 694 468 741 est,
508 694 551 729 ut
589 692 923 730 criminationibus
964 694 1014 731 ab
1046 693 1132 731 aliis
1169 694 1223 732 eis
1258 693 1418 731 intentis
1454 693 1670 732 adversarii
1700 705 1763 732 ex-

287 760 446 796 starent.
506 759 585 796 Iam
608 761 824 809 quaeritur,
854 772 931 808 quo
953 761 1035 799 iure
1066 761 1289 799 Zenodotus
1319 761 1521 800 Platonem
1550 761 1764 810 castigasse

286 825 466 863 videatur
498 826 559 864 vel
580 828 711 875 potius
744 827 837 877 quid
859 828 907 865 sit
930 828 1179 866 statuendum
1208 828 1255 866 de
1276 828 1450 867 Platonis
1472 829 1628 867 iudicio.
1679 828 1765 876 Qua

286 893 323 930 in
357 905 397 930 re
438 894 508 931 etsi
549 894 845 932 concedendum
885 898 943 933 est
984 895 1186 933 Platonem
1225 896 1326 934 hanc
1365 896 1412 934 ob
1450 908 1620 943 causam,
1659 895 1764 945 quod

286 961 440 998 fabulas
473 973 620 999 summa
652 962 711 1000 dei
746 963 904 1001 notione
937 964 1105 1012 metitur,
1136 964 1268 1012 inique
1299 963 1338 1000 in
1362 964 1534 1001 carmina
1558 966 1764 1013 poetarum

288 1029 543 1079 consuluisse,
574 1033 701 1067 tamen
736 1043 838 1068 nexu
870 1032 1151 1069 sententiarum
1184 1034 1290 1069 recte
1321 1043 1516 1080 perpenso
1548 1031 1667 1081 paulo
1699 1032 1765 1069 ali-

286 1100 345 1134 ter
386 1097 648 1135 arbitraberis,
715 1098 857 1146 Agitur
899 1099 998 1136 enim
1042 1098 1090 1136 de
1133 1098 1351 1136 educandis
1390 1097 1583 1148 pueris3),
1625 1099 1766 1148 quibus

287 1167 489 1213 poetarum
514 1166 727 1203 carminum
761 1166 935 1203 notitiam
968 1167 1066 1204 tradi
1100 1169 1205 1204 vetat
1235 1166 1361 1215 Plato,
1392 1178 1440 1204 ne
1470 1167 1588 1204 animi
1620 1166 1669 1204 ad
1701 1179 1764 1204 ne-

289 1232 449 1280 quitiam
484 1236 522 1270 et
552 1233 847 1281 protervitatem
881 1233 1150 1282 sollicitentur,
1191 1233 1296 1283 quod
1335 1245 1397 1271 res
1429 1234 1570 1272 multae
1608 1234 1681 1272 diis
1711 1234 1765 1271 in-

287 1300 428 1349 dignae
459 1299 537 1337 sint
573 1304 790 1338 enarratae.
856 1302 988 1350 Atque
1027 1302 1127 1338 hanc
1164 1301 1396 1339 sententiam
1435 1301 1765 1351 comprobandam

287 1379 369 1405 esse
399 1379 510 1405 nemo
536 1368 704 1417 negabit,
736 1370 778 1406 ut
797 1368 1035 1406 Zenodotum
1060 1368 1229 1418 quadam
1252 1369 1468 1406 temeritate
1491 1381 1567 1407 non
1592 1369 1765 1407 caruisse

286 1436 323 1472 in
355 1435 532 1473 Platonis
563 1435 717 1484 placitis
749 1435 1022 1485 vituperandis
1054 1436 1292 1474 contendere
1325 1448 1402 1474 non
1434 1436 1619 1474 dubitem.

399 1527 535 1564 Restat
578 1530 620 1564 ut
657 1526 705 1564 de
736 1527 898 1572 ratione,
938 1539 1017 1575 qua
1053 1526 1281 1564 Zenodorus
1320 1538 1414 1564 usus
1451 1538 1538 1565 esse
1574 1526 1766 1573 videatur,

287 1606 413 1643 pauca
434 1593 636 1632 addamus.
677 1595 875 1643 Reliquias
897 1594 1069 1644 quidem,
1101 1597 1143 1632 ut
1164 1606 1286 1643 supra
1307 1594 1520 1639 docuimus,
1550 1607 1628 1632 non
1650 1594 1766 1633 habe-

288 1672 389 1710 mus3
422 1661 672 1699 nihilominus
703 1663 734 1699 si
766 1662 942 1700 scholion
976 1661 1023 1699 ad
1053 1662 1097 1699 Il.
1124 1660 1218 1707 2312
1250 1661 1423 1710 respicis,
1454 1662 1644 1710 suspicari
1676 1662 1767 1700 licet

287 1744 371 1769 eum
405 1730 568 1769 artificia
599 1731 881 1781 interpretandi
912 1730 1148 1776 adhibuisse,
1181 1734 1223 1768 ut
1255 1730 1543 1768 criminationes
1570 1730 1608 1768 in
1631 1733 1766 1780 poe'tas

287 1799 484 1837 coniectas
515 1799 691 1837 dilueret.

401 1879 580 1928 Denique
613 1878 832 1927 Hesychius
863 1876 1095 1914 mentionem
1128 1875 1222 1914 facit
1252 1876 1337 1913 libri
1369 1871 1428 1920 εἷς
1458 1869 1540 1925 τὴν
1567 1865 1766 1914 Ἡσιόδου

291 1943 542 1997 θεογονίαν.
604 1947 691 1984 Duo
723 1948 852 1983 autem
885 1945 1142 1994 perhibentur
1173 1945 1209 1981 in
1241 1943 1396 1982 scholiis
1423 1943 1630 1982 Hesiodeis
1661 1944 1767 1982 testi-

288 2016 426 2060 monia,
470 2027 582 2064 quae,
623 2018 665 2052 ut
701 2014 774 2051 iam
813 2025 933 2062 supra
970 2012 1148 2057 diximus,
1188 2011 1376 2049 Zenodoti
1416 2024 1558 2050 nomen
1599 2024 1693 2061 prae
1725 2024 1767 2051 se

287 2084 436 2131 ferunt,
468 2095 632 2132 quorum
657 2082 833 2120 locorum
865 2092 951 2118 cum
984 2084 1194 2129 utrumque
1217 2079 1265 2117 ad
1287 2079 1529 2117 Zenodotum
1552 2080 1766 2129 Ephesium

289 2151 489 2201 pertinere
506 2150 597 2188 mihi
615 2149 890 2199 persuaserim,
911 2147 1014 2185 infra
1036 2147 1082 2184 de
1102 2147 1148 2184 iis
1171 2146 1441 2184 disserendum
1459 2147 1542 2184 erit.
1584 2147 1765 2185 Ceterum

291 2231 338 2257 ex
370 2218 501 2267 operis
532 2217 642 2255 titulo
681 2216 779 2254 illud
817 2215 949 2263 colligi
985 2226 1102 2264 posse
1132 2214 1288 2252 videtur
1324 2213 1566 2252 Zenodotum
1597 2214 1766 2253 Alexan-

289 2347 473 2382 hominum
499 2347 716 2382 versabatur
748 2356 869 2390 neque
894 2345 1030 2379 finibus
1062 2345 1221 2378 locorum
1253 2343 1481 2387 quorundam
1511 2343 1591 2377 eius
1622 2341 1767 2378 fabulae

289 2405 453 2439 inclusae
479 2408 591 2439 erant.
633 2403 688 2437 Cf.
705 2402 885 2437 Theodor.
903 2401 1031 2444 Heine,
1056 2401 1110 2435 De
1128 2401 1268 2434 ratione
1293 2409 1386 2443 quae
1406 2399 1551 2434 Platoni
1576 2410 1656 2434 cum
1682 2399 1767 2443 po‘e'-

289 2462 337 2496 tis
356 2461 578 2495 Graecorum
596 2459 799 2501 intercedit,
819 2458 881 2502 qui
899 2462 982 2492 ante
1001 2467 1081 2492 eum
1098 2456 1310 2491 floruerunt.
1342 2455 1440 2490 Diss.
1455 2454 1649 2490 Vratislav.
1672 2459 1766 2490 1880.

288 2517 468 2552 Schrader
493 2517 514 2550 l.
533 2526 564 2550 c.
590 2527 624 2559 p.
643 2518 716 2549 389.

403 2575 430 2617 1)
465 2572 519 2607 Cf.
545 2583 580 2616 p.
599 2575 662 2606 378
676 2571 717 2614 Β,
743 2574 807 2606 aso
822 2569 871 2605 A.

403 2632 431 2671 2)
462 2627 517 2664 Cf.
543 2639 577 2672 p.
596 2631 659 2661 379
674 2628 715 2660 E.

402 2688 430 2729 ³)
466 2684 522 2720 Cf.
548 2696 581 2728 p.
601 2683 722 2717 37SD:
757 2678 776 2716 ὁ
805 2679 888 2723 νέος
918 2677 983 2726 mix
1011 2676 1090 2722 οἷός
1119 2693 1154 2715 τε,
1186 2679 1330 2725 κρίνειν
1356 2674 1375 2713 ὅ
1398 2678 1432 2714 τί
1446 2691 1486 2713 τε
1512 2674 1671 2714 ὑπόνοια
1701 2677 1766 2713 καὶ

291 2740 310 2776 (ἶ
337 2740 398 2787 μή.
427 2737 503 2776 ἀλλ’
526 2736 547 2775 ἃ
574 2736 618 2774 ἂν
643 2741 864 2783 τηλικοῦτος
889 2735 941 2772 (ὃν
966 2736 1059 2783 λάβῃ
1091 2734 1130 2771 ἐν
1155 2741 1234 2777 ταῖς
1259 2734 1384 2777 δόξαις
1409 2734 1676 2770 δυσικνίπτατα
1702 2734 1765 2769 καὶ

293 2796 536 2842 ἀμετάστατα
556 2799 659 2840 φιλεῖ
684 2794 894 2838 γίγνεσθαι.
