1830 3201
285 171 365 209 258

871 295 1046 348 Caput
1081 296 1176 339 111.

394 398 473 435 lam
505 400 547 436 ut
569 397 618 436 ad
642 397 847 435 historicos
869 400 1076 445 transeam,
1106 397 1257 435 initium
1279 395 1418 435 faciam
1448 398 1497 436 ab
1524 399 1619 437 artis
1640 399 1757 438 histo-

283 466 385 503 ricae
415 467 578 514 parente
610 464 812 502 Herodoto
845 476 958 513 quem
991 464 1186 503 consuluit

398 532 435 578 1)
472 532 596 571 Schol.
620 532 749 581 Equit.
773 534 822 571 91
848 532 871 570 1.
893 533 1054 570 38-41
1089 532 1150 576 (cf.
1173 532 1314 570 Snidas
1343 544 1372 570 s.
1396 546 1431 570 v.
1460 526 1757 584 εἰσηγήσαιντο

282 603 319 638 et
363 600 497 649 paullo
540 599 764 638 mendosius
806 611 833 637 s.
861 612 896 637 v.
933 595 1060 636 οἴνου
1099 590 1181 650 γάρ
1223 599 1334 647 κτλ.)
1371 620 1426 625 -
1461 613 1550 638 nam
1592 602 1757 639 alterum

281 668 304 705 l.
331 671 395 705 41.
428 670 479 705 42
520 667 566 704 ab
604 667 739 704 eodem
783 667 978 716 dependet
1020 667 1301 706 commentario
1332 679 1403 705 —2
1440 660 1676 717 ‘dedovog
1713 664 1759 706 δὲ

281 728 386 779 τοὺς
409 730 575 783 Πέρσας
605 732 772 771 τοῦτον
801 727 882 771 τὸν
910 727 1081 783 τρόπον
1111 728 1404 781 βουλεύεσθαί
1435 743 1582 786 φησιν·
1616 731 1652 773 εἰ
1680 731 1759 786 μὲν

281 788 360 838 οὖν
393 792 691 852 εἰσηγήσαιντό
721 813 761 838 τι
794 793 1031 852 νήφοντες,
1063 795 1354 849 βουλεύεσθαι
1387 799 1487 853 περὶ
1518 795 1684 840 τούτου
1713 797 1761 840 ἐν

277 866 392 919 μέθῃ
424 866 496 905 καὶ
519 868 700 919 κυροῦν,
731 863 951 920 νήφοντες
983 865 1028 907 δὲ
1057 865 1315 920 ἐπικυροῦν,
1347 870 1396 908 ad
1428 883 1530 920 quae
1559 871 1680 909 verba
1711 870 1760 909 cf.

281 937 424 974 Herod.
448 938 474 986 Ι,
494 940 587 976 133:
617 930 940 986 μεθυσκόμενοι
963 933 1006 974 δὲ
1029 930 1211 975 εἰώθασι
1233 931 1530 984 βουλεύεσθαι
1551 929 1607 975 τὰ
1626 945 1760 976 σπου-

280 1001 511 1041 δαιέστατα
533 1003 623 1041 τῶν
643 998 925 1055 πρηγμάτων.
973 995 1023 1041 τὸ
1048 995 1084 1041 ‹5’
1104 996 1158 1041 ἂν
1182 998 1262 1057 {idn
1284 1012 1356 1053 σφι
1386 1001 1760 1055 βουλευολιιείὀισι,

279 1070 412 1109 τοῦτο
452 1070 504 1121 τῇ
542 1061 749 1124 ’ὑστεραίᾳ
788 1065 977 1122 νήφουσι
1013 1069 1221 1123 προτίθει
1259 1062 1280 1109 ὁ
1315 1068 1559 1122 στέγαρχος,
1600 1068 1647 1110 ἐν
1676 1071 1760 1110 τοῦ

281 1130 334 1175 ἂν
365 1134 511 1184 Ξῖοντες
543 1133 853 1186 βουλεύονται·
887 1136 958 1177 καὶ
990 1131 1044 1190 ἢν
1075 1135 1153 1189 μὲν
1175 1130 1254 1193 ᾅδῃ
1276 1136 1349 1178 καὶ
1372 1133 1572 1191 νήφουσι,
1599 1136 1759 1191 χρέων-

280 1218 349 1243 ται
379 1196 514 1257 αὐτῷ,
546 1198 601 1257 ἢν
634 1203 679 1244 δὲ
710 1201 765 1258 μὴ
799 1197 893 1256 ἅδῃ,
923 1212 1113 1257 μετιεῖσι.

394 1272 432 1323 2>
474 1274 602 1313 Schol.
632 1277 646 1312 1
678 1276 808 1324 Equit.
838 1278 916 1314 963
949 1275 971 1312 l.
1000 1278 1157 1314 9—11:
1207 1268 1411 1320 Φαεινός·
1452 1269 1622 1325 μολγὸν
1662 1265 1761 1313 ἀντὶ

278 1341 359 1379 τοῦ
389 1335 577 1390 τυφλόν·
608 1332 843 1392 Ἡρόδοτος
875 1338 1044 1393 ἱστορεῖ
1071 1336 1174 1388 τοὺς
1205 1336 1412 1393 Μόλγους
1442 1336 1630 1389 τούτους
1660 1336 1762 1381 ἐπά-

279 1422 342 1447 νο)
379 1409 455 1461 τῆς
485 1407 689 1456 Σκυθίας
726 1404 849 1448 εἶναι.
910 1412 997 1449 Alia
1034 1412 1198 1461 scholia,
1235 1424 1402 1461 quorum
1441 1411 1478 1449 id
1515 1411 1618 1461 quod
1657 1412 1681 1449 l.
1709 1415 1758 1451 16

278 1480 414 1528 incipit
444 1491 464 1516 e
495 1478 652 1528 Didymi
686 1480 962 1517 commentario
998 1480 1179 1517 haustum
1213 1491 1296 1517 esse
1328 1492 1399 1517 sua
1430 1491 1450 1517 e
1481 1482 1593 1529 parte
1624 1480 1760 1518 Erato-

278 1546 454 1584 sthenem
478 1547 721 1584 consulentis
744 1547 931 1596 Hesychii
965 1548 1222 1596 congruentia
1253 1547 1443 1596 probatur
1474 1558 1502 1584 s.
1523 1560 1558 1584 v.
1584 1539 1758 1597 μολγός,

278 1615 340 1651 hic
380 1624 589 1663 possumus
628 1615 815 1652 omittere.
881 1614 958 1652 Sed
998 1615 1069 1652 hac
1107 1615 1350 1664 potissimum
1391 1615 1529 1653 Phaini
1566 1615 1760 1653 sententia

278 1681 583 1727 Schneidernsl)
616 1694 709 1720 usus
733 1685 800 1729 est,
832 1685 874 1720 ut
899 1694 1087 1720 suminam
1111 1682 1226 1720 huius
1248 1682 1499 1731 grammatici,
1529 1694 1644 1731 quem
1675 1681 1758 1720 fere

279 1750 402 1786 omnis
434 1749 636 1787 doctrinae
669 1752 871 1799 expertem
903 1749 1022 1786 fuisse
1061 1752 1098 1787 ct
1135 1761 1261 1798 paene
1294 1750 1424 1787 nullas
1462 1750 1590 1798 egisse
1626 1751 1758 1798 partes

278 1820 392 1867 putat
412 1818 449 1855 in
472 1820 587 1867 poeta
610 1817 921 1867 interpretando,
952 1817 1138 1855 scientiae
1163 1817 1454 1855 demonstraret
1474 1819 1759 1867 paupertatem,

279 1898 362 1922 cnm
403 1888 541 1923 contra
571 1897 723 1923 omnem
756 1885 977 1934 analogiam
1016 1888 1053 1922 et
1090 1887 1264 1922 veterum
1298 1896 1409 1922 usum
1450 1887 1679 1934 usurpatum
1711 1885 1761 1923 sit

278 1953 512 1990 vocabulum
544 1943 721 2002 μολγὸς.
783 1953 929 1992 Contra
965 1965 1077 2001 quem
1116 1964 1201 1990 eum
1234 1950 1503 1998 Dindorfius2)
1541 1951 1759 1990 defendere

279 2019 568 2069 quodammodo
600 2020 758 2058 studeat
795 2021 1102 2069 grammaticum,
1139 2032 1187 2057 ne
1225 2020 1257 2057 is
1288 2019 1444 2068 quidem
1481 2019 1677 2068 quomodo
1709 2019 1758 2056 ad

278 2088 377 2125 hano
416 2088 718 2136 explicationem
755 2088 863 2125 vocis
901 2090 1005 2126 certe
1044 2100 1131 2125 cum
1168 2086 1350 2135 analogia
1387 2089 1627 2135 pugnantem
1670 2099 1760 2136 per-

278 2155 429 2192 venerit
471 2156 640 2205 exponit.
710 2155 771 2192 Ad
817 2155 923 2204 quod
964 2154 1289 2204 aggredientibus
1331 2154 1406 2191 hoc
1447 2153 1659 2192 tenendum
1700 2157 1760 2192 est

280 2224 364 2259 arte
396 2223 497 2259 inter
519 2234 559 2260 se
592 2222 760 2260 cohaere
791 2223 962 2271 priorem
986 2221 1219 2259 sententiam
1250 2211 1421 2271 μολγὸν
1451 2219 1544 2257 κτλ.
1578 2224 1616 2259 et
1636 2221 1757 2259 Hero-

279 2289 358 2327 doti
391 2290 637 2335 mentionem,
674 2292 717 2327 ut
748 2290 844 2328 haec
876 2290 950 2326 iam
983 2290 1031 2327 ab
1064 2289 1149 2338 ipso
1181 2288 1332 2326 Phaino
1365 2290 1452 2326 orta
1483 2289 1543 2326 sit.
1602 2288 1673 2327 Oui
1702 2288 1759 2326 rei

279 2369 355 2394 non
388 2357 527 2404 obstat,
559 2357 663 2406 quod
695 2357 799 2406 apud
832 2356 989 2395 Suidam
1022 2369 1051 2394 s.
1073 2369 1106 2395 v.
1132 2349 1313 2406 μολγός,
1347 2368 1582 2405 quamquam
1613 2356 1756 2404 legitur

278 2424 415 2460 Phaini
454 2424 736 2472 interpretatio,
779 2424 889 2462 deest
920 2424 1110 2462 Herodoti
1151 2424 1428 2472 testimonium,
1469 2435 1554 2461 cum
1594 2425 1632 2461 et
1669 2423 1756 2461 aliis

278 2483 372 2529 locis
411 2492 512 2530 idem
543 2491 609 2529 fiat
650 2495 687 2529 et
723 2492 760 2529 in
793 2492 867 2529 hoe
898 2493 981 2540 ipso
1020 2493 1197 2538 articulo,
1239 2494 1281 2528 ut
1317 2491 1371 2528 ita
1410 2490 1549 2540 dicam,
1591 2491 1756 2529 alteram

278 2571 436 2607 qnoque
466 2559 627 2596 Hesiodi
655 2559 693 2603 (1.
719 2557 785 2604 18)
817 2561 1049 2597 mentionem
1073 2559 1274 2597 videamus
1296 2559 1489 2596 omissam.
1547 2557 1755 2597 Profertur

280 2628 406 2663 autem
449 2625 639 2663 Herodoti
681 2627 901 2675 exemplum
945 2627 1003 2664 his
1044 2626 1187 2664 verbis:
1226 2614 1464 2674 ζΗρόδοτος
1507 2620 1552 2662 δὲ
1592 2619 1759 2674 ἱστορεῖ

392 2745 418 2780 11
452 2744 473 2777 1.
492 2753 521 2777 a.
547 2754 582 2787 p.
604 2747 675 2778 118‘

391 2801 419 2841 ²)
451 2799 486 2833 in
513 2799 724 2834 Addendis.
