1784 3221
226 171 277 207 10

226 280 300 318 ubi
336 280 419 316 iam
456 276 863 314 commemoratum
895 274 981 320 est,
1018 268 1234 318 suppleri
1266 270 1438 317 potest.
1497 264 1700 303 Obiectum

227 349 286 385 est
316 358 336 383 e
364 342 635 393 superioribus
666 338 966 384 retrahendum:

340 436 376 461 a.
417 416 582 465 ἵππους
613 418 762 468 E3273
793 416 952 466 117133
992 414 1142 454 41429.
1166 417 1262 463 4343
1293 412 1332 450 52
1355 415 1446 451 691.

341 502 377 548 β.
418 496 578 548 δίφρον
605 496 643 536 Λ
658 499 880 537 273—274
897 511 949 526 Σ
967 494 1262 540 s1399—4OO3
1289 490 1328 528 Ω
1349 488 1538 537 322s231)
1561 488 1706 537 (σπξρ-

228 564 429 620 χόμὲιόξ
445 559 481 604 δ’
505 556 527 604 ὁ
559 558 730 616 γεραιὸς
761 558 835 601 ἑοῦ
858 555 1093 612 ἐπεβήσετο
1118 557 1290 608 δίφρου,
1324 553 1372 595 ἐκ
1395 547 1431 595 δ’
1450 550 1570 594 ἔλασε
1599 566 1708 605 προ-

232 627 394 685 θύροιο
425 630 498 671 καὶ
519 625 736 682 αἰθούσης
758 622 1026 680 ἐριδούπου).
1080 623 1239 676 δίφρον
1267 637 1353 663 cum
1376 623 1553 669 Faesio2)
1584 624 1707 660 totum

234 716 404 752 currum,
435 714 513 740 non
544 701 678 738 sellam
712 699 773 736 vel
804 709 963 747 capsum
996 695 1191 744 intellego.

351 781 421 818 His
444 780 541 817 locis
567 770 767 815 ἐλαύνειν
795 777 867 813 iam
891 772 1117 823 simpliciter
1139 771 1277 809 Latine
1299 770 1420 808 verbo
1443 767 1575 815 „vehi“
1601 765 1713 805 reddi
1775 803 1776 806 ,

234 852 374 900 potest.
422 845 800 886 Commemoratione
829 843 989 892 dignum
1014 843 1072 878 est
1095 839 1134 877 „Q
1157 842 1249 887 323,
1277 849 1431 875 versum
1456 834 1711 873 recentissimi

236 915 367 955 Iliadis
400 913 592 961 carminis,
629 916 688 949 ter
721 911 758 948 in
791 909 970 958 Odyssea
1008 908 1187 945 iteratum
1220 917 1324 943 esse:
1360 915 1384 953 γ
1406 901 1545 949 4933);
1576 912 1599 938 ο
1624 903 1714 939 146.

241 987 331 1022 191.
391 981 542 1028 Quibus
574 979 698 1017 tribus
729 978 826 1014 locis
862 989 882 1013 e
914 974 1184 1024 superioribus
1217 966 1381 1015 ἵππους
1419 970 1498 1017 (vel
1530 959 1714 1018 ἅρματα)

239 1048 551 1089 subaudiendum
584 1049 652 1084 est.
710 1046 755 1082 In
788 1042 899 1081 3'27
934 1053 1070 1091 porro:
1101 1034 1174 1077 ἑοῦ
1198 1030 1488 1088 δ’ἑπεβήσετο
1513 1032 1688 1085 δίφρου·

238 1116 291 1169 βῆ
325 1107 514 1154 δ’ἕλάαν
545 1110 617 1151 ἐπὶ
648 1101 821 1161 κύματ’·
855 1110 1052 1148 antecedit
1084 1104 1255 1157 δίφρου.
1313 1107 1366 1144 At
1392 1106 1457 1143 vix
1486 1102 1716 1142 crediderim

241 1188 315 1223 hoc
345 1183 578 1222 vocabulum
619 1177 929 1218 subaudiendum
962 1187 1064 1225 esse;
1102 1175 1246 1212 locutio
1278 1173 1406 1223 potius
1443 1169 1496 1220 βῆ
1529 1159 1719 1207 δ’ἐλάαυ

242 1248 313 1290 ἐπὶ
346 1240 501 1300 κύματ’
532 1261 580 1286 ex
612 1246 793 1296 analogia
824 1244 1033 1283 locutionis
1065 1240 1117 1293 βῆ
1150 1232 1186 1277 δ’
1209 1236 1318 1278 ἰέναι.
1349 1239 1524 1277 adhibita
1556 1248 1640 1275 esse
1666 1236 1720 1273 vi-

244 1320 359 1358 detur
391 1322 429 1356 et
459 1315 707 1355 intransitive
739 1312 932 1362 significat
967 1309 1119 1357 „vehi“.

357 1420 394 1457 d.
442 1417 694 1456 Obiectum
737 1427 790 1453 ex
831 1412 1138 1451 cohaerentia
1179 1422 1331 1449 rerum
1374 1406 1722 1455 descriptarum

247 1487 408 1536 colligi
445 1487 619 1535 potest,
660 1481 1032 1529 substantivum,
1069 1491 1158 1528 quo
1197 1477 1437 1515 obiectum
1475 1472 1723 1512 adumbra-

248 1559 339 1604 tur,
380 1551 572 1601 saepius
610 1550 846 1599 sequitur,
887 1546 1118 1596 imprimis
1156 1545 1202 1583 in
1241 1544 1389 1582 forma
1431 1538 1724 1591 pronominis

368 1698 394 1739 ¹)
424 1694 500 1728 Hoc
525 1694 604 1727 loco
630 1690 843 1725 adverbium
870 1685 913 1724 ἐκ
939 1687 1102 1722 additum
1129 1690 1195 1720 est.

362 1754 392 1795 ²)
425 1750 479 1786 Cf.
506 1750 645 1783 adnott.
671 1747 717 1781 ad
744 1747 779 1780 Ω
798 1748 873 1780 322.
899 1748 972 1779 326.

363 1822 391 1863 ³)
422 1831 444 1862 y
463 1821 525 1851 493
548 1826 593 1850 ex
611 1814 828 1859 optimorum
846 1811 1009 1846 codicum
1031 1808 1091 1853 (cf.
1107 1807 1332 1849 Gotschlich,
1349 1806 1383 1840 J.
1397 1805 1421 1839 f.
1436 1804 1499 1839 Ph.
1521 1807 1604 1838 1876
1623 1813 1657 1846 p.
1673 1804 1730 1844 23)

252 1876 468 1911 auctoritate
486 1874 529 1908 ab
548 1870 716 1907 Ameisio
741 1873 777 1904 et
794 1871 846 1903 La
864 1867 1003 1902 Rochio
1024 1866 1059 1900 in
1079 1865 1134 1900 ed.
1153 1865 1231 1899 crit.
1251 1863 1403 1897 deletur.
1436 1858 1630 1895 Bekkerus
1647 1868 1729 1893 con-

253 1939 308 1968 tra
339 1932 405 1966 hoc
430 1940 540 1965 versu
571 1931 716 1963 servato
741 1938 773 1961 v.
798 1929 862 1960 494
895 1923 1045 1967 perinde
1079 1933 1120 1956 ac
1145 1933 1178 1956 v.
1202 1923 1304 1954 0192
1339 1916 1618 1963 suppositicium
1650 1924 1732 1950 esse
1774 1912 1776 1923 ”

253 1989 412 2031 censuit,
443 1987 600 2021 fortasse
634 1985 718 2028 quia
741 1983 780 2016 in
805 1982 871 2016 hoc
896 1983 1074 2015 contextu
1100 1978 1139 2012 in
1167 1976 1344 2020 singulari
1369 1983 1518 2008 numero
1551 1966 1733 2015 μάστιξεν

254 2044 418 2080 offendit.
467 2043 520 2077 At
545 2045 585 2076 ut
602 2039 855 2075 auctoritatem
874 2036 1053 2078 codicum,
1079 2034 1141 2079 qui
1159 2042 1284 2068 omnes
1310 2043 1333 2075 y
1353 2032 1416 2064 494
1441 2034 1478 2063 et
1502 2041 1522 2062 o
1544 2030 1606 2062 192
1631 2030 1733 2060 tuen-

256 2107 322 2145 tur,
347 2105 630 2146 praetereamus,
663 2107 707 2131 ex
732 2095 823 2139 ipsis
849 2093 982 2135 causis,
1007 2101 1099 2135 quae
1124 2090 1169 2124 ad
1194 2086 1505 2124 continuationem
1531 2083 1735 2126 seriemque
1773 2118 1774 2121 ,

256 2169 375 2193 rerum
408 2156 600 2202 pertinent,
631 2152 792 2188 Bekkeri
826 2149 1008 2185 sententia
1040 2146 1124 2181 mihi
1155 2144 1338 2188 displicet.
1388 2140 1532 2176 Etenim
1562 2152 1584 2184 y
1606 2142 1671 2173 494
1699 2141 1736 2173 et

258 2218 361 2250 0192
392 2213 537 2248 omissis
568 2211 771 2255 graviorem
803 2204 1064 2250 descriptionis
1095 2206 1234 2247 partem
1265 2203 1388 2244 aperte
1419 2198 1591 2232 tollimus.
1638 2194 1733 2229 Dein

258 2272 410 2307 mutatio
443 2269 595 2314 pluralis
628 2271 665 2301 et
695 2263 890 2309 singularis
923 2263 958 2295 in
989 2259 1188 2295 enuntiatis
1222 2255 1404 2291 continuis
1436 2264 1509 2288 non
1543 2258 1599 2287 est
1635 2250 1733 2295 apud

260 2330 453 2364 Homerum
489 2323 674 2365 inaudita3
708 2324 890 2365 postremo
928 2315 1181 2352 emendatione
1217 2309 1403 2355 μάστιξαν
1440 2320 1504 2354 pro
1540 2302 1733 2351 μάστιξεν,

262 2396 367 2430 quam
401 2382 576 2419 exhibent
607 2378 772 2413 nonnulli
798 2376 954 2417 codices,
986 2373 1195 2415 neutiquam
1226 2379 1319 2413 opus
1345 2371 1412 2411 est,
1447 2365 1616 2410 quoniam
1641 2373 1737 2397 unus
1775 2393 1783 2412 z

262 2452 375 2486 equos
407 2448 539 2483 regens
571 2436 799 2478 instigansve
833 2435 889 2467 est
926 2429 1153 2474 cogitandus.
1209 2427 1442 2468 Quamquam,
1480 2426 1521 2456 ut
1552 2421 1598 2455 ad
1629 2432 1652 2465 γ
1674 2421 1737 2453 493

264 2499 418 2540 redeam,
449 2496 544 2529 hunc
569 2502 727 2534 versum,
756 2489 819 2533 qui
844 2489 880 2521 in
907 2488 974 2521 hoc
999 2487 1174 2520 contextu
1199 2481 1334 2516 nullam
1360 2489 1507 2524 prorsus
1532 2476 1643 2511 habet
1666 2486 1737 2509 mo-

265 2555 420 2594 lestiam⁷
444 2548 677 2595 neglegentia
694 2545 922 2581 librariorum
947 2543 985 2576 in
1002 2537 1330 2586 praestantioribus
1346 2536 1448 2570 libris
1468 2533 1649 2569 excidisse
1673 2541 1739 2576 pu·
1780 2574 1784 2577 k

267 2611 335 2645 tari
361 2612 491 2654 potest.
541 2605 680 2640 Versus
705 2615 727 2646 y
746 2603 921 2636 486—494
953 2597 1178 2641 respondent
1207 2593 1378 2628 versibus
1405 2604 1424 2625 ο
1447 2592 1629 2625 184ae192.
1677 2587 1740 2622 At-

1773 2778 1782 2867 ἔ

270 2677 340 2711 qne
365 2676 446 2700 cnm
464 2672 612 2698 versum
638 2672 657 2694 0
679 2662 737 2693 191
765 2666 890 2692 omnes
917 2654 1115 2689 defendant
1141 2651 1296 2692 codices,
1323 2659 1388 2683 cur
1412 2658 1484 2682 non
1510 2658 1533 2691 y
1551 2648 1615 2680 493
1640 2653 1742 2688 repe-

269 2725 358 2757 titus
392 2721 466 2756 sit?
513 2717 663 2753 Haesito
695 2715 817 2758 igitur,
850 2723 894 2746 an
925 2709 1137 2745 melioribus
1170 2706 1270 2742 libris
1302 2702 1592 2749 improbantibus
1622 2704 1742 2735 tamen

271 2779 330 2815 hic
354 2786 485 2813 versus
512 2775 589 2809 iure
615 2782 719 2807 suum
745 2772 869 2805 teneat
892 2767 1021 2802 locum.
