1830 3201
310 160 389 197 344

304 273 457 318 poetam
499 270 624 318 ipsum
667 269 814 308 referre
861 269 997 318 utique
1038 271 1213 307 vetamur
1259 269 1560 309 scholiastarum
1602 272 1781 310 veterum
1827 263 1829 291 ²

303 336 487 386 loquendi
511 349 595 386 usu,
627 349 712 374 cum
745 337 923 386 quamvis
953 340 1136 386 corrupta
1164 337 1212 374 ad
1240 349 1310 375 nos
1341 339 1595 387 pervenerint
1626 339 1784 387 scholia,
1828 347 1829 358 ³

305 407 372 441 aut
408 406 546 452 poetae
577 416 718 441 nomen
758 406 956 441 servatum
989 403 1038 442 sit
1075 407 1142 441 aut
1172 404 1336 442 dictum:
1375 401 1489 454 λέγει
1520 392 1615 443 οὖν.
1675 407 1782 454 Ergo

304 471 525 509 Schoellius
564 473 676 519 putat
713 471 895 520 intelligi:
944 469 1173 516 „krItiklose
1204 471 1325 509 Leser
1362 472 1441 509 und
1481 472 1783 523 leichtglaubige
1829 505 1830 518 2

306 538 497 575 Erzahler
518 538 587 575 wie
611 538 791 587 Ephoros
819 537 898 575 und
922 537 1135 585 Genossen,
1165 539 1340 577 welchen
1363 539 1432 577 der
1455 540 1783 589 chronologische
1829 519 1830 530 ἵ

305 604 530 643 Widersinn
559 604 685 642 dieser
708 605 979 643 Combination
1011 606 1392 655 entgegengehalten
1420 606 1550 645 wird.“
1604 607 1675 646 Oui
1706 620 1784 646 non

304 673 419 721 plane
450 673 642 710 assentior
673 672 825 711 duabus
848 672 976 710 causis
1008 676 1232 711 commotus.
1291 675 1390 712 Nam
1413 673 1648 724 ubicumque
1669 670 1785 719 τινές

305 741 342 777 in
360 739 514 777 scholiis
530 740 684 789 legitur,
706 725 901 789 interpres
919 739 1077 789 quidam
1097 740 1411 790 Aristophaneus
1429 742 1527 780 solet
1542 740 1782 792 intellegi‚20)

304 807 444 845 deinde
481 810 608 845 autem
644 808 765 845 verba
801 808 937 845 scholii
969 810 1047 846 606
1086 809 1363 858 contemplanti
1405 821 1546 857 magna
1584 821 1670 848 cum
1706 809 1783 847 fine

305 876 420 912 huius
451 875 587 912 scholii
624 876 796 913 occurrit
831 876 1043 913 similitudo
1083 875 1146 919 (cf.
1179 872 1501 925 συνεγνωκέναι
1538 874 1589 925 τῇ
1626 874 1783 926 κλοπῇ,

308 937 636 992 ἕργεπιστατεῑν
657 963 712 968 ν
735 937 1017 992 ἐπιστατῆσαι
1047 940 1099 991 τῇ
1131 941 1377 992 κατασκευῇ
1409 940 1491 980 τοῦ
1522 934 1783 994 ἀγάλματος,

308 1010 436 1047 rarius
467 1009 565 1047 illud
599 1000 1011 1060 (ἓπαοχοληθέυτων
1047 1014 1086 1048 et
1121 1011 1200 1048 illic
1231 1000 1621 1062 ἇπησχολημέυοις,
1659 1003 1785 1049 εὐθύ-

304 1088 382 1122 νας
412 1067 468 1127 μὴ
501 1068 773 1127 παράσχειν),
805 1080 847 1115 ut
869 1077 1078 1115 verisimile
1101 1078 1149 1115 sit
1179 1079 1346 1115 alterum
1368 1078 1557 1116 scholium
1589 1079 1636 1116 ab
1659 1079 1784 1117 altero

305 1145 490 1195 pendere.
549 1146 631 1182 Iam
663 1146 785 1183 schol.
812 1146 902 1182 Pac.
931 1147 1009 1184 606
1042 1158 1064 1182 a
1092 1148 1171 1184 605
1208 1150 1420 1195 propterea
1451 1159 1528 1184 non
1559 1149 1688 1196 potest
1719 1159 1785 1184 na-

305 1218 384 1251 tum
417 1224 514 1261 esse,
553 1212 645 1261 quia
676 1225 805 1262 neque
836 1213 1112 1261 grammaticus
1143 1213 1284 1262 aliquis
1323 1213 1429 1251 credi
1460 1216 1590 1262 potest
1626 1226 1671 1251 ea
1701 1213 1784 1252 fere

305 1281 441 1318 iisdem
474 1281 606 1318 verbis
638 1280 786 1318 referre
825 1293 926 1330 quae
958 1280 1072 1318 modo
1104 1284 1180 1318 tam
1213 1281 1356 1319 diserte
1387 1280 1558 1318 refutata
1588 1285 1689 1327 sunt,
1720 1293 1785 1319 ne-

306 1360 382 1397 que
421 1348 451 1385 si
484 1348 648 1386 eundem
682 1350 798 1397 putas
835 1351 1035 1385 auctorem
1071 1350 1149 1387 605
1189 1350 1226 1385 et
1261 1350 1352 1397 606,
1391 1348 1454 1385 hic
1491 1351 1568 1386 tam
1606 1349 1786 1386 celeriter

305 1416 527 1464 opinionem
560 1416 733 1453 mutavit.
794 1416 898 1464 Ergo
931 1415 1051 1453 schol.
1073 1417 1152 1454 605
1185 1418 1335 1464 spectat
1361 1415 1410 1453 ad
1438 1417 1529 1461 606,
1562 1418 1604 1453 ut
1635 1416 1710 1453 iam
1731 1417 1785 1454 vi-

307 1483 468 1521 deamus
498 1482 592 1532 quid
615 1483 686 1521 sibi
709 1483 804 1521 velit
834 1483 929 1520 illud
960 1478 1087 1527 τιυές.
1147 1483 1340 1532 Didymus
1362 1483 1462 1520 enim
1485 1483 1566 1521 sive
1587 1483 1785 1521 recentior

306 1551 581 1600 grammaticus
612 1563 697 1589 cum
731 1550 781 1588 ad
810 1553 888 1590 606
927 1551 966 1588 in
997 1551 1238 1599 grammatici
1271 1551 1470 1588 cuiusdam
1509 1552 1786 1589 commentario

313 1620 406 1657 talia
438 1619 636 1669 adscripta
657 1618 819 1664 videret,
850 1618 948 1656 haec
980 1631 999 1657 e
1022 1619 1243 1657 Philochori
1266 1619 1406 1667 opibus
1436 1618 1635 1665 refutavit,
1666 1622 1709 1657 ut
1738 1619 1788 1656 ad

310 1687 424 1724 huius
456 1686 590 1724 scholii
620 1688 819 1724 auctorem
852 1688 1003 1735 spectet
1034 1685 1130 1723 illud
1161 1682 1289 1731 τινές.
1351 1685 1462 1732 Quae
1485 1698 1571 1723 cum
1595 1688 1785 1735 constent,

307 1757 428 1792 restat
458 1757 502 1791 ut
522 1765 758 1803 quaeramus
788 1753 892 1790 unde
923 1752 1081 1790 tandem
1113 1754 1144 1790 is
1174 1754 1450 1801 grammaticus
1482 1753 1579 1791 haec
1601 1753 1787 1802 hauserit.

307 1821 423 1871 Apud
462 1821 738 1859 Philochorum
780 1823 817 1859 et
847 1820 1121 1869 Thucydidem
1161 1820 1256 1858 nihil
1292 1823 1435 1865 exstat3
1474 1820 1596 1858 utitur
1626 1821 1787 1870 Ephoro

308 1890 373 1939 qui
404 1889 499 1938 quid
531 1889 695 1927 senserit
726 1891 923 1926 servatum
955 1891 1013 1927 est
1044 1888 1149 1938 apud
1178 1888 1392 1927 Diodorum
1420 1889 1508 1938 XII,
1530 1891 1594 1938 39,
1614 1891 1656 1932 3;
1687 1889 1787 1926 Plut.

308 1958 448 1995 Pericl.
475 1959 538 2003 32,
562 1960 602 2001 3;
634 1955 925 1994 Aristodemum
954 1957 1055 2005 XVI,
1091 1956 1170 2006 qui,
1202 1968 1287 1994 cum
1319 1956 1454 1994 miram
1486 1956 1656 1994 habeant
1686 1956 1786 1994 simi-

308 2024 526 2074 litudinem,
557 2024 606 2062 ad
630 2024 793 2063 eandem
816 2024 1002 2062 recedant
1024 2035 1183 2062 necesse
1206 2021 1328 2070 est.2¹)
1388 2024 1466 2062 Iam
1489 2023 1685 2074 Sauppius
1711 2024 1790 2073 pri—

309 2104 393 2130 mus
437 2092 620 2141 cognovit
666 2091 742 2130 duo
789 2090 1011 2141 fragmenta
1051 2090 1275 2129 Philochori
1323 2091 1513 2129 contineri
1560 2091 1598 2128 in
1639 2090 1787 2129 scholio

308 2160 431 2209 primo
463 2179 516 2183 —
547 2172 634 2197 nam
665 2159 830 2197 alterum
864 2158 970 2208 quod
1002 2158 1092 2196 Inde
1123 2159 1420 2207 transscriptum
1452 2161 1509 2196 est
1544 2158 1617 2196 iam
1651 2158 1788 2196 omitti-

311 2239 394 2264 mus
415 2247 480 2272 —‚
513 2226 617 2275 quod
641 2239 878 2276 quamquam
901 2237 1036 2264 omnes
1060 2225 1293 2275 concedunt,
1325 2237 1531 2275 quousque
1552 2225 1783 2274 pertineant,

310 2307 451 2343 magna
494 2298 553 2332 est
597 2294 798 2332 dissensio.
875 2294 1000 2332 Homo
1045 2293 1146 2331 enim
1191 2293 1456 2343 doctissimus„
1505 2305 1619 2342 quem
1664 2293 1787 2331 secuti

311 2365 401 2399 sunt
418 2362 620 2399 Michaelis
643 2364 680 2399 et
697 2361 928 2411 Schoellius,
949 2361 1103 2410 putavit
1124 2362 1177 2398 ita
1199 2372 1261 2398 res
1277 2361 1507 2410 procedere:
1543 2353 1787 2410 Φιλόχορος

311 2423 382 2465 ἐπὶ
417 2422 651 2479 Θεοδώρου
690 2421 902 2479 ἄρχοντος
938 2421 1084 2465 ταῦτά
1121 2434 1255 2479 omos,
1294 2429 1368 2466 iam
1410 2428 1554 2477 legitur
1594 2427 1787 2477 fragmen-

421 2549 464 2589 20)
497 2547 544 2582 Ut
571 2547 679 2582 schol.
706 2545 780 2581 Av.
805 2551 868 2581 997
901 2547 923 2581 l.
949 2550 1001 2588 25,
1034 2547 1095 2581 ubi
1127 2547 1308 2591 Didymus
1341 2546 1584 2589 intellegitur3
1622 2544 1668 2579 cf.
1692 2546 1788 2580 Lud-

311 2603 473 2645 wichius,
506 2603 729 2637 Aristarch's
763 2603 893 2637 homer.
917 2603 1098 2637 Textkrit.
1126 2602 1142 2636 Ι
1167 2614 1201 2646 p.
1232 2605 1292 2636 126
1314 2612 1404 2646 sqq,
1438 2602 1500 2645 qui
1525 2612 1545 2635 a
1570 2601 1727 2645 Didymo
1752 2605 1788 2635 et

312 2659 526 2693 Aristonico
551 2655 649 2699 τινές
673 2659 725 2693 ita
750 2663 963 2703 usurpatum
990 2668 1070 2693 esse
1096 2658 1217 2693 multis
1243 2658 1416 2702 probavit
1440 2657 1627 2701 exemplis.

422 2717 466 2759 21)
498 2715 553 2749 Ι)6
577 2715 759 2749 Plutarchi
793 2725 870 2759 cap.
897 2718 935 2749 31
964 2714 1132 2749 fontibus
1163 2714 1209 2749 cf.
1233 2713 1426 2758 Saupp1us,
1452 2714 1473 2747 l.
1490 2723 1520 2748 a.
1546 2725 1581 2757 p.
1599 2715 1648 2756 13,
1679 2723 1786 2757 quem

312 2775 461 2804 secutus
486 2774 542 2805 cst
566 2770 756 2814 Ruehlius,
781 2771 802 2805 l.
822 2782 850 2805 a.
877 2782 910 2815 p.
930 2774 994 2805 669
1020 2774 1056 2805 et
1080 2770 1292 2813 Schoellius‚
1317 2770 1338 2805 l.
1357 2779 1388 2803 a.
1413 2780 1447 2814 p.
1469 2772 1519 2803 12.
1541 2772 1591 2803 13.
