1830 3201
286 187 363 223 172

283 296 477 334 exstitisse
508 298 702 335 testantur
733 296 988 347 script01·es.¹)
1049 296 1197 344 Quodsi
1221 296 1333 334 addis
1364 296 1590 345 Aspendum
1622 297 1754 335 urbem

283 365 331 402 ab
363 364 521 413 Argivis
552 364 749 403 conditam
781 364 905 409 esse2)
946 367 983 403 et
1023 367 1134 402 extra
1165 365 1502 413 Metropolitarum
1540 368 1578 402 et
1607 365 1758 413 Aspen-

284 432 434 469 diorum
465 431 562 470 fines
597 432 687 470 alibi
718 445 875 482 quoque
906 433 1048 470 Veneri
1080 444 1169 470 sues
1199 432 1416 470 immolatos
1447 444 1530 471 esse
1566 433 1757 471 Strabone
1827 412 1830 483 l

283 497 435 545 testess),
466 499 788 538 verisimillimum
821 512 903 538 esse
926 500 1081 538 videtur
1111 500 1297 538 Zenodoti
1329 500 1592 538 narrationem
1625 512 1756 538 veram

283 564 413 614 esse.⁴)
474 567 526 604 At
547 568 716 617 quaeris,
746 568 851 605 unde
882 568 997 606 huius
1019 568 1075 605 rei
1097 568 1274 606 notitiam
1307 568 1504 616 acceperit
1524 567 1758 606 Zenodotus.

282 636 427 672 Iterum
465 635 723 674 Callimachus
761 635 809 672 ad
841 638 972 684 partes
1004 635 1206 673 vocandus
1238 639 1306 685 est,
1345 647 1459 684 quem
1492 647 1634 673 morem
1670 648 1758 685 por·

283 714 348 740 cos
385 702 631 740 sacrificandi
671 703 710 740 in
740 703 905 740 Veneris
943 703 1130 741 honorem
1174 703 1350 752 attigisse
1391 703 1428 740 in
1460 703 1602 740 Iambis
1645 703 1760 740 docet

281 769 420 808 Strabo
438 769 491 807 IX
512 783 549 819 p.
567 773 645 809 437
661 782 732 819 sq.:
764 766 1040 819 Καλλίμαχος
1061 766 1139 820 μὲν
1160 760 1242 807 οὖν
1258 776 1391 820 φησιν
1413 764 1460 806 ἐν
1480 773 1572 814 τοῖς
1589 760 1758 819 ἰάμβοις

280 828 357 882 τὰς
388 826 641 887 Ἀφροδίτας
671 832 715 888 (ἡ
748 830 853 882 θεὸς
883 831 965 888 γὰρ
998 829 1051 874 ου’
1083 834 1173 887 μία)
1211 831 1294 888 τὴν
1326 836 1595 887 Καστνιῆτιν
1631 826 1759 886 ὓπερ-

280 898 517 951 [rumenam
559 898 702 951 πάσας
741 903 805 955 τῷ
848 910 1044 955 φρονεῖν,
1087 896 1155 942 ὅτι
1199 899 1312 956 μόνη
1352 901 1641 955 παραδέχεται
1679 898 1761 957 τὴν

279 970 370 1009 τῶν
400 967 491 1009 ὑῶν
525 969 697 1010 θυσίαν.
759 973 935 1011 Recessit
965 973 1086 1023 igitur
1117 973 1340 1011 Zenodotus
1371 986 1394 1011 a
1415 973 1645 1012 Callimachi
1673 985 1759 1011 sen-

279 1041 411 1088 tentia,
443 1053 530 1078 cum
553 1041 722 1090 Argivos
751 1042 872 1081 sacris
894 1041 1018 1079 suillis
1047 1041 1177 1079 colere
1200 1042 1390 1079 Venerem
1419 1041 1571 1079 dixerit.
1629 1040 1759 1079 Audio

280 1108 353 1146 iam
386 1112 602 1154 monentes,
641 1121 755 1158 quam
789 1108 941 1147 lubrica
972 1109 1048 1147 sint
1085 1111 1122 1147 et
1154 1109 1349 1147 imbecilla
1380 1112 1624 1159 argumenta,
1660 1121 1760 1159 quae

280 1189 399 1227 supra
429 1178 467 1214 in
499 1177 641 1215 Athen.
671 1190 707 1226 p.
735 1180 786 1216 95
805 1177 848 1225 F,
879 1179 930 1216 96
949 1177 982 1215 A
1019 1177 1149 1215 verbis
1184 1180 1398 1227 μαρτυρεῖ
1425 1173 1703 1227 Καλλίμαχος
1732 1167 1758 1226 ἢ

279 1238 528 1296 Ζηνόδοτος
569 1244 811 1294 explicandis
854 1245 1194 1297 proposuerimus.
1258 1245 1539 1284 Contendimus
1575 1245 1674 1282 enim
1712 1245 1760 1283 ab

279 1313 484 1351 Athenaeo
518 1313 740 1351 memoriam
773 1312 956 1350 sociatam
998 1312 1224 1351 Callimachi
1257 1316 1295 1351 et
1325 1312 1512 1351 Zenodoti
1553 1312 1761 1362 perhiberi,

279 1379 385 1429 quod
428 1381 526 1418 alter
570 1381 730 1418 alterius
771 1380 916 1418 scrinia
955 1380 1235 1430 compilaverit.
1305 1380 1414 1427 Quae
1455 1392 1542 1417 cum
1583 1380 1637 1417 ita
1674 1380 1761 1425 sint,

278 1446 602 1497 Schneiderus5),
644 1448 710 1497 qui
747 1447 992 1486 Zenodotum
1036 1448 1131 1485 solis
1173 1446 1402 1486 Callimachi
1446 1446 1762 1497 hypomnematis

281 1528 393 1553 usum
426 1527 512 1554 esse
550 1515 621 1553 sibi
654 1516 858 1565 persuasit,
895 1514 1031 1554 statuit
1077 1515 1382 1561 „Callimachum
1423 1517 1561 1564 postea
1598 1515 1762 1553 meliora

280 1583 460 1622 edoctum
492 1596 577 1621 csse
618 1586 656 1621 et
686 1572 981 1633 ὑπομνήματα
1022 1588 1111 1633 post
1142 1576 1323 1633 ἰάμβους
1365 1595 1449 1621 esse
1480 1582 1665 1633 scripta“‚
1707 1586 1761 1632 ut,

280 1664 382 1700 quae
414 1650 462 1689 de
494 1651 652 1700 Argivis
690 1650 833 1688 tradita
864 1650 953 1700 sint,
990 1651 1243 1688 nihilominus
1274 1663 1294 1688 e
1327 1650 1554 1689 Callimachi
1586 1650 1685 1688 libro
1721 1650 1760 1687 in

279 1717 465 1756 Zenodoti
485 1719 675 1768 epitomas
697 1719 865 1755 transire
886 1718 1095 1767 potuerint.
1135 1717 1258 1755 Nobis
1277 1718 1396 1767 paulo
1416 1718 1529 1756 aliter
1548 1718 1671 1755 visum
1691 1719 1761 1755 est.

278 1786 379 1823 Nam
412 1786 484 1823 etsi
517 1785 745 1824 Schneideri
773 1785 1038 1824 coniecturam
1070 1796 1256 1834 perverse
1288 1796 1373 1823 esse
1408 1785 1666 1833 excogitatam
1698 1784 1763 1822 mi-

278 1854 380 1891 nime
422 1853 607 1899 arbitror,
648 1856 778 1891 tamen
820 1864 882 1890 res
928 1852 1138 1890 faciliorem
1181 1852 1300 1890 habet
1340 1852 1589 1901 explicatum.
1656 1850 1762 1889 Nihil

281 1921 382 1958 cuim
421 1921 558 1967 obstat,
599 1921 809 1970 quominus
845 1920 1028 1958 abeamus
1066 1920 1104 1958 in
1137 1919 1370 1958 sententiam
1402 1919 1515 1958 hanc.
1574 1918 1763 1957 Narravit

391 2076 418 2115 ¹)
451 2074 583 2108 Strabo
603 2074 655 2108 IX
680 2084 714 2118 p.
735 2076 817 2108 438:
843 2069 957 2116 ταύτῃ
983 2075 1048 2115 (sc.
1070 2068 1335 2116 Μητροπόλει)
1360 2070 1398 2107 δὲ
1423 2070 1514 2114 μίαν
1538 2074 1616 2106 τῶν
1641 2083 1760 2106 συνοι-

275 2132 487 2164 κισθεισῶν
514 2127 565 2171 εἰς
590 2124 708 2173 αῧτὴν
732 2126 884 2163 πόλεων
909 2130 1141 2173 παραδοῦναι
1168 2124 1210 2162 τὸ
1239 2123 1331 2169 ἔθος
1356 2123 1562 2173 Ὀνθύριον.
1604 2126 1659 2162 Cf.
1676 2128 1760 2162 Mei-

277 2187 383 2229 neke,
412 2186 558 2221 Vindic.
584 2186 752 2221 Strabon.
784 2197 817 2229 p.
840 2189 914 2220 156.
945 2204 987 2210 —
1020 2185 1126 2220 Dion.
1152 2184 1293 2228 Perieg.
1321 2195 1355 2218 v.
1382 2187 1446 2218 852
1477 2184 1574 2228 apud
1599 2183 1761 2227 Mueller,

277 2243 410 2286 Geogr.
435 2242 564 2277 Graeci
588 2242 673 2276 min.
699 2241 735 2276 II
760 2252 795 2285 p.
815 2245 896 2276 156:
929 2243 1032 2275 κεῖθι
1061 2235 1091 2274 δ’
1109 2235 1154 2274 ἂν
1180 2235 1388 2285 ἅθρήσειας
1420 2234 1642 2285 ὑπειράλιον
1673 2250 1760 2273 πτο-

275 2296 433 2343 λίεθρον
461 2293 668 2339 Ἄσπενδον,
693 2302 881 2340 ποταμοῖο
907 2293 1011 2342 παρὰ
1030 2293 1122 2341 ῥόον
1148 2291 1455 2341 Εὐρυμέδοντος·
1482 2291 1579 2330 ἔνθα
1605 2307 1760 2330 συοκτο-

274 2352 373 2398 νίῃσι
393 2352 577 2397 Διωναιήν
596 2348 776 2388 ἱλάονται.
818 2352 936 2388 Schol.
954 2353 1000 2387 ad
1018 2352 1051 2386 h.
1068 2353 1090 2386 l.
1115 2363 1150 2396 p.
1168 2355 1249 2387 454:
1275 2348 1500 2396 παραδόξως
1517 2347 1558 2386 ἐν
1574 2346 1757 2398 Ᾰσπὲνδῳ

277 2408 515 2451 συοκτονίαις
539 2413 675 2452 τιμῶσι
700 2405 767 2453 τὴν
794 2403 1019 2453 Ἀφροδίτην.
1064 2406 1119 2443 Cf.
1145 2408 1248 2441 Eust.
1275 2408 1411 2442 Comm.
1436 2407 1482 2441 ad
1507 2406 1541 2441 h.
1558 2407 1581 2441 l.
1606 2418 1640 2451 p.
1660 2409 1737 2441 366.

350 2466 353 2470 ’
390 2466 419 2507 2)
451 2465 504 2500 Cf.
530 2466 633 2499 Eust.
658 2466 680 2500 1.
698 2476 727 2499 c.
755 2461 926 2509 Ἀργείων
951 2462 989 2499 δὲ
1016 2462 1155 2506 κτίσμα
1180 2457 1200 2507 ἡ
1230 2458 1434 2503 Ἂσπενδος.

388 2523 417 2563 ³)
443 2520 509 2564 ¹Cf.
535 2522 558 2555 l.
575 2532 603 2556 c.
630 2518 665 2556 οἶ
690 2516 720 2555 δ’
737 2515 899 2565 ὕστερον
923 2516 1087 2564 ἤλεγξαν
1113 2514 1156 2554 οὔ
1180 2517 1270 2562 μίαν
1295 2521 1377 2554 κτλ.

392 2580 422 2621 4)
451 2578 522 2612 Pro
549 2573 705 2622 Ἀργεῖοι
738 2577 904 2612 fortassis
933 2572 1088 2622 Ἀρναῖοι
1121 2575 1354 2610 scribendum
1386 2585 1467 2610 esse
1498 2575 1597 2619 apud
1621 2572 1758 2609 Athen.

273 2634 364 2667 dixit
384 2633 534 2668 Mueller
558 2634 580 2668 l.
598 2634 619 2667 l.
644 2637 794 2677 propter
819 2633 943 2677 Steph.
960 2633 1048 2678 Byz.
1072 2642 1100 2666 s.
1118 2643 1152 2667 v.
1170 2626 1381 2676 Ὀνθὺριονε
1407 2628 1515 2671 πόλις
1539 2626 1754 2674 Θεσσαλική

273 2689 361 2735 περὶ
378 2686 461 2735 τήν
484 2686 654 2735 How-7112,
678 2700 784 2734 quam
810 2690 1054 2724 coniecturam
1079 2699 1142 2723 cur
1166 2688 1360 2732 probemus
1385 2688 1522 2722 nullam
1539 2687 1648 2722 video
1672 2697 1755 2721 cau-

272 2757 360 2789 sam,
385 2746 415 2781 si
441 2747 548 2781 modo
572 2749 672 2781 recte
697 2745 888 2790 hucusque
914 2744 1164 2780 disseruimus.

381 2804 409 2843 5)
444 2802 580 2837 Caium.
606 2801 641 2835 11
668 2813 701 2845 p.
722 2804 801 2836 240.
