1784 3221
237 122 261 157 8

240 231 426 279 „urgere“
464 231 628 280 confert,
662 231 697 269 in
729 243 805 280 quo
839 233 953 268 antea
987 230 1060 267 iam
1094 231 1364 276 Buttmannus,
1396 230 1520 269 Lexil.
1549 231 1596 280 ΙΙ,
1620 233 1709 276 147,

238 298 469 347 praeiverat.
529 298 709 336 Ceterum
739 298 999 335 Buttmannus
1031 296 1175 346 aliique
1206 296 1304 335 illud
1332 298 1493 336 verbum
1523 300 1712 336 revocant

237 366 284 403 ad
318 364 638 414 significationem
676 363 927 414 „schlagen“.

348 443 466 493 Apud
506 444 717 482 Homerum
758 442 1002 492 significatus
1040 443 1162 491 magis
1198 443 1404 481 universus
1441 443 1616 492 agitandi
1656 443 1711 482 in-

238 511 411 558 venitur3
442 509 509 548 sed
542 509 671 547 multis
699 509 793 547 locis
825 509 1104 558 cogitationum
1133 508 1375 548 diversarum
1399 522 1471 559 ope
1504 512 1581 548 tam
1603 510 1713 548 varie

239 578 394 615 videtur
431 577 668 625 immutatus,
706 580 747 615 ut
783 576 968 626 primaria
1006 580 1177 626 potestas
1209 589 1334 626 paene
1372 578 1560 616 exstincta
1591 578 1640 615 sit
1677 580 1714 616 et

239 646 351 695 quasi
390 657 516 683 novae
549 645 728 682 notiones
764 644 803 682 in
841 645 922 682 eius
954 645 1078 683 vicem
1117 645 1389 683 successerint.
1448 645 1500 683 At
1531 646 1605 684 hoc
1636 658 1713 684 non

241 714 337 758 dico,
366 713 450 750 illas
474 713 604 750 varias
626 712 736 750 verbi
760 713 950 757 notiones,
980 724 1077 761 quas
1099 712 1284 750 exhibent
1305 713 1476 751 carmina
1497 713 1714 758 Homerica,

242 780 544 818 vetustissimum
586 779 680 817 illud
723 779 861 817 Graeci
902 780 1092 817 sermonis
1132 783 1442 826 monumentum,
1482 780 1521 818 in
1563 780 1716 819 Graeca
1772 799 1773 802 ¹

241 847 394 886 demum
426 848 559 895 lingua
592 859 677 885 esse
708 846 944 885 informatas.
1005 846 1080 885 Sed
1109 847 1205 885 varii
1238 847 1352 896 modi,
1383 848 1525 896 quibus
1552 847 1715 886 verbum

241 927 328 952 cum
350 914 469 951 varus
492 913 656 951 obiectis
688 914 872 963 coniungi
895 913 1048 951 solebat
1078 913 1270 962 simulque
1302 914 1375 951 hac
1396 914 1547 952 ratione
1569 914 1715 951 variam

241 982 429 1030 consequi
468 981 804 1030 significationem,
841 994 887 1019 ex
926 982 1059 1030 lingua
1095 980 1420 1030 Indogermanica
1457 982 1495 1019 in
1527 980 1715 1019 Graecam

243 1050 414 1097 linguam
448 1052 539 1086 sunt
561 1048 787 1086 transmissi.
847 1048 1000 1087 Exinde
1032 1049 1204 1087 rationes
1231 1048 1346 1086 huius
1369 1048 1475 1086 verbi
1498 1047 1716 1097 usurpandi

242 1118 280 1154 in
304 1117 446 1164 'lingua
478 1116 627 1154 Graeca
663 1115 892 1165 amplificari
925 1117 1099 1165 potuisse
1135 1128 1206 1165 per
1237 1128 1277 1154 se
1309 1117 1434 1164 ipsum
1472 1115 1716 1154 manifestum

245 1187 313 1221 est.
374 1182 473 1220 Illud
505 1183 606 1220 enim
629 1180 925 1228 Delbrueckii1)
959 1183 1071 1220 etiam
1094 1182 1157 1220 hic
1180 1183 1299 1220 valet:
1336 1181 1717 1231 „Augenscheinlich

245 1250 423 1289 existiert
454 1249 504 1287 im
536 1249 946 1298 Sprachbewusstsein
979 1250 1106 1287 nichts
1137 1250 1305 1288 anderes
1335 1249 1391 1287 als
1421 1249 1718 1299 Anwendungs-

243 1322 363 1367 typen
395 1317 566 1367 (Typen,
588 1317 707 1356 deren
730 1317 1054 1356 Vorhandensein
1078 1317 1253 1355 dadurch
1276 1317 1472 1356 bewiesen
1495 1316 1606 1365 wird,
1629 1317 1719 1355 dass

244 1399 370 1436 gegen
410 1386 484 1424 den
514 1386 692 1424 Versuch
731 1386 838 1423 einer
874 1385 982 1423 stark
1014 1385 1316 1424 abweichenden
1349 1385 1613 1434 Anwendung
1649 1384 1720 1422 das

246 1453 656 1503 Sprachbewusstsein
676 1451 903 1499 rehelliert),
924 1453 1018 1491 aber
1040 1452 1157 1491 keine
1174 1452 1570 1501 Zusammenfassung
1593 1452 1721 1490 dieser

246 1523 385 1572 Typen
419 1534 467 1559 zu
500 1521 607 1559 einer
636 1520 1141 1570 Allgemeinvorstellung.“

361 1600 478 1637 Verbi
505 1592 676 1636 ἐλαύνω
708 1599 796 1636 illae
825 1599 967 1637 multae
994 1599 1205 1647 variaeque
1234 1598 1338 1647 apud
1360 1599 1570 1637 Homerum
1599 1598 1720 1637 notio·

249 1679 317 1705 nes
355 1680 377 1704 a
408 1667 533 1715 prima
564 1667 722 1704 notione
760 1666 905 1704 distant
941 1666 1183 1715 tam-longe,
1223 1673 1265 1704 ut
1295 1666 1407 1704 nimis
1436 1665 1567 1703 audax
1598 1666 1647 1703 sit
1682 1666 1722 1703 in

248 1735 437 1783 implexas
469 1734 584 1771 huius
616 1734 724 1771 verbi
758 1734 933 1771 notiones
971 1732 1197 1782 diligentius
1232 1732 1444 1782 inquirere.
1506 1732 1621 1770 Certe
1651 1743 1722 1770 nos

249 1813 382 1839 omnes
421 1802 610 1839 sentimus
646 1800 821 1850 singulas
857 1799 1162 1850 significationes
1199 1800 1302 1837 inter
1339 1812 1379 1837 se
1416 1802 1626 1848 utcumque
1662 1811 1722 1837 co-

251 1870 428 1917 haerere3
460 1868 565 1906 haud
588 1880 681 1906 vero
714 1868 796 1905 sine
825 1880 964 1916 magna
992 1867 1148 1905 licentia
1178 1866 1254 1912 fiet,
1287 1870 1329 1905 ut
1359 1879 1425 1905 eas
1457 1866 1627 1905 dilucide
1659 1866 1722 1904 de-

250 1937 430 1974 rivemus.
489 1937 577 1974 Huc
608 1936 769 1985 accedit,
801 1935 904 1984 quod
938 1934 1126 1984 loquendi
1158 1933 1403 1973 consuetudo
1437 1935 1552 1972 unius
1584 1933 1723 1972 Graeci

251 2006 440 2043 sermonis
476 2007 814 2043 monumentorum
851 2004 1006 2052 generis
1042 2003 1136 2040 satis
1167 2014 1345 2051 magnam
1377 2002 1576 2040 materiam
1614 2001 1724 2040 nobis

252 2088 328 2113 non
361 2074 532 2122 praebet,
565 2077 607 2111 ut
635 2073 797 2111 edoceat
824 2084 893 2110 nos
926 2071 972 2108 de
996 2071 1078 2117 viis,
1110 2070 1248 2119 quibus
1278 2070 1354 2107 alia
1386 2069 1432 2106 ad
1464 2070 1577 2107 aliam
1609 2069 1724 2118 signi-

252 2142 380 2181 ficatio
421 2142 630 2179 transierit.
689 2142 826 2189 Itaque
868 2138 1144 2177 Doederleinio
1185 2139 1224 2175 in
1261 2138 1379 2187 gloss
1412 2138 1523 2175 Hom.
1559 2149 1616 2174 nr.
1643 2138 1723 2175 494

253 2223 329 2248 non
362 2210 534 2258 contigit,
572 2211 614 2246 ut
646 2219 777 2246 omnes
810 2206 938 2244 varias
971 2207 1151 2244 notiones
1187 2205 1259 2242 sub
1292 2216 1368 2242 una
1399 2204 1618 2249 collocaret,
1655 2203 1724 2242 sed

253 2283 331 2316 tres
362 2276 588 2315 statuendas
620 2287 705 2313 esse
735 2276 914 2313 notiones
945 2274 1016 2312 sibi
1044 2274 1151 2311 visus
1183 2275 1242 2311 est
1272 2275 1321 2321 et,
1351 2274 1394 2309 ut
1419 2271 1599 2321 equidem
1627 2283 1725 2317 reor,

254 2345 354 2383 iusto
387 2345 481 2382 iure.

367 2411 481 2459 Quod
513 2410 632 2460 igitur
662 2409 711 2447 ad
744 2410 919 2458 singulas
947 2410 1136 2453 notiones,
1168 2407 1215 2445 ad
1248 2406 1426 2445 ordinem
1457 2418 1590 2444 earum
1623 2406 1725 2444 testi-

256 2480 464 2527 moniaque
492 2479 640 2526 attinet,
670 2476 718 2514 ad
751 2477 906 2525 planam
939 2475 1241 2523 distinctamque
1268 2474 1383 2511 huius
1405 2473 1515 2511 verbi
1541 2472 1579 2510 in
1601 2472 1726 2510 lexico

257 2547 465 2586 Homerico
489 2544 975 2593 Ebelingii'tractationem
1004 2543 1146 2590 relego.
1206 2541 1299 2578 Mihi
1323 2540 1481 2589 quidem
1505 2540 1599 2578 nihil
1619 2539 1724 2577 aliud

258 2615 515 2663 relinquetur,
546 2612 620 2648 nisi
648 2614 690 2648 ut
712 2611 921 2660 explorem,
954 2613 1147 2658 quatenus
1169 2608 1329 2646 verbum
1361 2607 1409 2645 ad
1442 2607 1726 2644 intransitivam

371 2733 396 2767 ¹)
428 2728 684 2773 Syntaktische
710 2727 968 2771 Forschungen
994 2726 1058 2771 IV⁷
1077 2730 1106 2759 2.

1777 2691 1784 2820 ξ
