1815 3231
1443 198 1522 233 3459

0 296 1 329 ἕ
42 302 149 352 quod
191 303 333 341 bellum
384 317 406 341 a
446 302 536 341 τῶν
576 298 908 356 νπομνημάτωι)
946 304 1083 343 τινῶν
1123 308 1349 346 auctoribus
1385 330 1437 333 —
1477 308 1525 347 dc

42 370 184 419 quibus
215 370 320 420 quod
355 372 483 410 attulit
515 374 563 410 M.
592 372 840 422 Schmidtius,
871 374 892 411 l.
916 387 946 411 a.
980 387 1014 423 p.
1039 378 1129 413 288.
1159 378 1237 413 289
1277 378 1409 413 nostra
1442 389 1524 414 scn-

42 439 166 476 tentia
199 438 368 487 Didymo
399 440 473 477 hoc
501 440 689 478 scholium
719 441 914 479 tribuente
947 442 1198 480 confirmatur
1228 463 1277 467 —
1313 443 1525 481 indicatum

41 510 154 555 esset,
187 519 326 556 nempe
359 508 524 557 primum
557 508 661 556 quod
696 509 840 546 dicitur
871 509 1012 547 bellurn
1045 522 1199 548 sacrum
1233 510 1279 548 ab
1311 511 1524 549 Athenien-

39 574 145 612 sibus
177 577 314 612 contra
345 575 553 613 Cirrhaeos
587 579 624 614 ct
656 577 835 615 Crisaeos
866 576 906 623 (i.
929 591 959 615 e.
988 578 1242 623 l'hocienses)
1274 582 1425 627 gestum
1459 579 1523 625 (cf.

40 641 289 691 Dunckcrus,
321 643 343 679 l.
371 656 403 681 a.
434 644 483 681 Vl
522 656 558 693 p.
587 647 650 683 80.
683 643 788 690 150).
848 645 993 683 Contra
1025 658 1139 694 quam
1173 648 1404 685 sententiam
1437 660 1522 686 sese

39 710 231 748 convertit
262 710 465 759 Didymus.
526 712 600 759 Qui
632 713 714 761 ipse
747 724 840 750 usus
873 712 1068 750 historicis
1100 714 1227 752 allatis
1260 727 1377 752 unum
1410 716 1448 753 in
1480 728 1521 753 sc

38 777 193 816 admisit
224 778 358 816 vitium
401 781 441 816 ut
478 779 600 817 tribus
631 781 745 817 annis
780 780 1008 818 intermissis
1045 780 1122 819 duo
1155 781 1259 819 bella
1297 787 1407 830 gesta
1438 796 1522 821 cssc

39 847 207 893 putaret,
238 857 323 883 cum
357 849 396 884 et
426 847 550 884 Thuc.
579 847 607 895 1,
634 850 723 896 112,
747 851 768 886 3
803 847 897 896 (quo
931 860 1022 885 usus
1055 851 1113 886 cst
1143 849 1255 886 etiam
1288 849 1520 890 Aristodem.

38 911 143 958 XIV)
184 916 222 950 et
252 913 352 951 Plut.
384 914 522 951 Pcricl.
555 917 619 963 21,
664 915 712 952 ad
751 915 865 952 alium
906 920 1105 954 auctorem
1144 916 1347 965 recedens,
1390 917 1522 956 dicant

37 981 165 1018 statim
208 983 296 1029 post
337 980 670 1020 Lacedaemonios
718 982 872 1020 domum
921 982 1118 1032 profectos
1166 984 1427 1023 Athenienses
1474 987 1521 1023 ir-

36 1048 198 1097 rupisse,
234 1048 337 1097 quod
370 1049 662 1098 comprobatum
701 1053 760 1088 est
797 1063 820 1088 a
852 1053 1007 1089 nostrae
1037 1052 1176 1089 aetatis
1217 1052 1427 1101 historicis3
1473 1053 1518 1090 cf.

38 1115 287 1165 Dnnckerus,
319 1116 341 1153 1.
364 1130 395 1153 a.
427 1117 473 1154 N.
496 1118 536 1154 F.
566 1118 599 1155 11
632 1131 667 1167 p.
692 1121 742 1156 5ss
759 1130 844 1167 sqq.
905 1117 1028 1165 Quem
1061 1122 1154 1168 puto
1194 1120 1231 1157 in
1265 1133 1310 1157 ea
1342 1133 1382 1158 re
1415 1133 1519 1158 erra-

36 1183 139 1221 visse
177 1183 282 1232 quod
322 1196 356 1233 p.
387 1187 437 1222 57
470 1184 555 1222 adn.
584 1188 601 1222 1
637 1184 745 1222 dicit:
796 1185 1088 1235 „Philochoros,
1126 1187 1291 1224 welchcr
1330 1187 1403 1225 den
1437 1188 1519 1236 Zug

36 1250 104 1289 des
136 1251 310 1289 Pericles
342 1253 380 1289 in
413 1251 482 1289 das
515 1251 631 1290 dritte
653 1253 749 1291 Jahr
782 1254 881 1291 nach
915 1253 1000 1291 dem
1025 1254 1131 1303 Zuge
1164 1253 1234 1291 der
1256 1254 1518 1293 Lacedaemo-

34 1319 119 1357 nier
150 1320 231 1368 legt
262 1319 402 1366 (schol.
425 1320 496 1358 Av.
519 1318 656 1368 556)“,
689 1321 793 1369 quod
816 1320 997 1370 equidem
1023 1334 1098 1359 non
1123 1322 1250 1359 minus
1274 1335 1387 1371 quam
1411 1323 1517 1372 quod

35 1390 174 1425 eontra
205 1387 537 1426 Lacedaemonios
569 1389 738 1426 Pericles
777 1388 921 1426 dieitur
959 1389 1160 1439 profectus
1199 1402 1295 1439 esse,
1331 1394 1516 1429 nontam

34 1455 271 1493 Philochoro
303 1467 418 1504 quam
451 1455 609 1504 Didymi
642 1455 916 1504 neglegentiae
948 1456 1129 1506 tribuam,
1167 1469 1267 1506 quae
1299 1457 1402 1495 unde
1434 1461 1519 1496 orta

34 1526 138 1561 esset
169 1524 268 1561 bene
292 1523 503 1572 explicavit
526 1523 744 1573 Clintonus,
775 1525 816 1561 F.
839 1524 886 1562 11.
913 1524 946 1561 11
978 1536 1014 1573 p.
1038 1526 1116 1564 258
1135 1537 1182 1573 m,
1213 1537 1328 1574 quem
1357 1529 1517 1563 secutus

33 1594 92 1628 est
122 1591 335 1629 Muellerus
364 1591 395 1628 V
428 1603 464 1640 p.
497 1594 546 1629 14
580 1590 711 1629 adnot.
777 1592 987 1629 Memoriae
1024 1593 1124 1629 enim
1168 1593 1279 1642 lapsu
1317 1592 1518 1642 deeeptus,

32 1657 71 1695 id
104 1658 208 1707 quod
240 1658 344 1707 apud
375 1657 650 1707 Thucydidem
682 1658 825 1707 legitur
857 1659 883 1706 Ι,
908 1661 997 1707 112,
1025 1662 1062 1697 1;
1098 1650 1280 1709 ὕστερον
1313 1656 1356 1697 δὲ
1386 1657 1517 1697 (διαλι-

33 1718 216 1763 πόντων
246 1718 282 1775 γ’
315 1720 444 1772 ἑτῶν,
476 1725 573 1763 falso
605 1726 679 1763 huc
701 1726 913 1763 transtulit.
971 1725 1124 1764 Deinde
1156 1727 1261 1775 quod
1293 1727 1436 1776 legitur
1469 1727 1516 1765 dc

32 1794 264 1843 promantia,
306 1793 472 1831 recurrit
513 1792 616 1842 apud
662 1792 763 1830 Plut.
802 1793 825 1830 1.
856 1805 888 1830 a.
960 1794 1140 1843 Denique
1186 1797 1228 1832 ut
1272 1798 1378 1833 rect-e
1424 1794 1518 1833 dicit

32 1861 244 1899 Muellerus
275 1861 573 1910 Theopompum
613 1861 784 1898 locutum
827 1872 910 1898 esse
948 1861 996 1898 de
1034 1861 1107 1899 hoc
1138 1861 1237 1900 bello
1269 1873 1392 1910 sacro,
1430 1876 1515 1900 cum

32 1929 176 1967 bellum
219 1941 371 1966 sacrum
415 1929 568 1966 tertium
615 1929 698 1966 cius
739 1929 960 1966 memoriam
1008 1929 1222 1967 revocandi
1272 1931 1514 1969 occasionem

31 1996 251 2046 praeberet,
282 1997 334 2034 ita
365 2009 436 2045 pro
468 1985 780 2046 Ἐρατοσθένης
816 1996 988 2034 scribere
1020 1997 1170 2034 mavult
1201 1994 1516 2049 Καλλισθένης,

32 2076 145 2113 quem
180 2067 335 2102 constat
365 2064 569 2113 scripsisse
602 2063 738 2101 librum
770 2059 871 2113 περὶ
898 2061 980 2101 τοῦ
1003 2058 1125 2113 ἱεροῦ
1147 2060 1344 2113 πολέμου
1376 2078 1515 2115 nempe

30 2132 159 2180 tertio,
190 2143 305 2181 quam
328 2131 550 2181 opinionem
575 2131 759 2181 probavit
780 2131 992 2178 Busoltius,
1024 2132 1047 2168 1.
1071 2143 1104 2169 a.
1132 2131 1168 2168 II
1196 2144 1233 2181 p.
1256 2134 1335 2170 545
1368 2132 1456 2170 adn.
1480 2136 1514 2171 2.

31 2200 80 2237 Et
109 2202 212 2237 esset
244 2202 351 2237 certe
382 2199 597 2249 probanda,
629 2199 659 2237 si
682 2199 884 2248 sciremus,
916 2198 1009 2248 quid
1042 2198 1199 2236 tandem
1233 2199 1515 2238 Eratosthenes

31 2267 80 2305 dc
111 2267 185 2305 hoc
216 2267 314 2305 bello
354 2267 534 2305 attulisse
572 2266 782 2316 diceretur,
818 2266 887 2304 sed
926 2279 1012 2304 cum
1052 2279 1180 2316 neque
1217 2279 1306 2305 num
1340 2267 1401 2305 hic
1438 2268 1514 2306 for-

31 2339 137 2373 tasse
160 2335 208 2373 de
231 2335 315 2373 solo
337 2335 421 2373 eius
443 2339 619 2385 tempore
640 2335 793 2373 locutus
815 2334 875 2384 sit,
903 2334 1007 2384 quod
1029 2334 1175 2372 factum
1199 2347 1283 2372 esse
1304 2335 1513 2373 verisimile

31 2406 90 2442 est
120 2404 158 2441 in
183 2403 509 2454 chronographia,
541 2404 738 2452 cognitum
767 2403 992 2452 habeamus,
1030 2414 1158 2452 neque
1189 2402 1238 2440 de
1266 2404 1513 2442 Callisthenis

29 2471 127 2509 libro
154 2467 280 2521 „napi
303 2469 386 2508 τοῦ
408 2465 530 2521 ἱεροῦ
551 2466 790 2520 πολέμο1>“,
826 2471 936 2508 euius
965 2470 1028 2508 hic
1055 2482 1182 2508 nonus
1211 2472 1374 2509 affertur
1405 2472 1514 2521 liber,

30 2539 239 2588 quicquam
263 2539 558 2589 comperiamus,
580 2538 760 2588 equidem
782 2551 860 2576 non
883 2537 1010 2577 audeo
1033 2538 1208 2577 homines
1231 2538 1366 2577 doctos
1388 2540 1512 2588 sequi.

142 2647 185 2688 28)
219 2646 248 2679 Ε
274 2645 409 2690 quibus
440 2646 586 2681 afferam
613 2644 959 2686 Forchhammermm
985 2645 1145 2690 Topogr.
1163 2657 1195 2679 v.
1214 2644 1354 2680 Athen:
1388 2645 1512 2681 Kicler

29 2701 152 2746 philol.
170 2701 273 2736 Stud.
294 2702 310 2736 Ι
335 2714 369 2747 p.
389 2705 472 2746 3133
504 2702 715 2746 Sauppium,
740 2702 1024 2745 P1·ogr.Isenac.
1053 2705 1134 2736 1546
1160 2712 1194 2745 p.
1217 2705 1265 2736 15.
1288 2705 1342 2746 193
1375 2702 1509 2736 Lolliu-

28 2758 139 2802 gium,
164 2757 409 2793 Nachrichten
435 2758 470 2793 d..
495 2758 660 2802 Go'tting.
687 2758 888 2793 Gesellsch.
915 2759 980 2792 der
1002 2757 1228 2793 Wissenseh.
1258 2762 1351 2802 1873,
1377 2769 1410 2802 p.
1431 2762 1511 2802 *¹593

30 2813 358 2858 Wachsmufflium,
392 2814 499 2850 Stadt
532 2813 655 2850 Athen
691 2815 706 2848 l
738 2825 772 2858 p.
799 2818 869 2849 lm.
899 2817 980 2859 3493
1018 2814 1349 2857 Wilamowitziurn,
1382 2814 1509 2849 Philol.
