1815 3231
1447 192 1524 226 :5223

43 312 129 338 eum
163 301 311 338 scholio
345 302 600 350 comparanti,
631 314 716 338 cum
751 302 1003 339 Plutarchum
1037 302 1161 350 ipsum
1197 301 1409 338 adhibitum
1443 313 1525 337 esse

43 380 92 406 ne
124 368 332 417 vestigium
366 368 523 418 quidem
558 370 740 418 supersit,
772 370 886 407 immo
909 370 939 406 si
963 369 1181 418 probantur
1214 381 1314 417 quae
1344 369 1380 406 iu
1405 369 1522 416 eap.l

42 437 219 485 exposui,
258 437 419 485 eogitari
462 449 537 474 non
582 437 704 486 possit
746 449 833 474 eum
872 440 1100 486 usurpatum
1136 449 1231 482 esse,
1272 437 1318 474 ad
1360 437 1524 475 eundem

41 502 185 541 fontem
230 516 308 553 quo
357 505 548 542 scholium
599 504 784 542 recedere
836 505 1059 554 apparebit,
1107 517 1191 542 cum
1241 510 1277 542 et
1329 518 1429 553 quac
1478 504 1525 542 de

40 570 147 608 furto
187 570 331 609 Calliae
373 571 478 608 dieta
520 574 612 608 sunt
653 576 874 620 congruant
915 576 952 608 et
993 584 1093 620 quae
1132 572 1317 621 leguntur
1359 572 1405 609 dc
1443 572 1525 609 eius

41 637 188 676 habitu.
259 639 310 676 Ut
350 639 468 687 igitur
513 642 617 676 reete
662 638 756 676 dicit
801 638 1375 688 Muellerus-Struebingiusffl)
1425 640 1525 676 hane

41 705 240 744 historiam
284 706 498 744 inventioni
541 706 689 752 deberi,
735 718 830 743 eave
875 719 921 743 110
962 720 984 743 a
1024 707 1235 744 Plutarcho
1283 719 1365 744 eam
1411 710 1525 756 putes

41 784 127 811 esse
172 773 383 811 inventam.
458 774 596 811 Exstat
643 774 743 811 enim
790 773 890 811 idem
938 774 1039 823 apud
1087 774 1323 811 Aristodem.
1360 774 1463 819 XIII⁷
1501 778 1523 812 2

41 838 283 889 (Muellerus,
314 841 335 878 1.
363 854 396 878 a.
421 841 454 878 V
482 854 517 890 p.
549 840 614 887 15)
657 837 725 877 καὶ
770 834 1018 891 στρατηγὸν
1056 839 1284 889 αἱροῦνται
1329 837 1524 877 Καλλίαν

40 898 121 945 τὸν
152 901 338 958 ἐπίκλην
360 906 731 954 Λακκοπλοῦτον,
764 902 857 945 ἐπεὶ
892 899 1118 958 θησαυρὸν
1147 897 1289 957 μερῶν
1310 903 1357 944 ἐν
1379 907 1524 957 Μαρα-

40 973 159 1012 θῶνι
209 965 475 1025 ἀνελόμενος
516 966 654 1013 αὐτὸν
704 969 987 1026 ἐπλούτησεν.
1060 976 1143 1013 Hae
1189 979 1345 1025 praeter
1382 975 1524 1013 Suidae

41 1046 79 1081 et
116 1043 302 1092 Hesyehii
341 1044 448 1082 locos
490 1045 596 1082 solae
636 1049 728 1082 sunt
768 1044 883 1081 huius
925 1045 979 1082 rei
1024 1044 1249 1081 mentiones.
1310 1044 1387 1080 Iam
1422 1044 1523 1081 unde

40 1111 203 1149 haustae
235 1111 354 1149 sunt?
406 1113 447 1150 ln
471 1112 628 1150 scholiis
660 1112 707 1149 de
730 1112 789 1149 his
812 1112 930 1149 rebus
962 1111 1008 1148 ad
1042 1111 1182 1148 bellum
1207 1111 1404 1149 Persicum
1438 1123 1524 1160 per-

40 1180 256 1229 tinentibus
287 1185 446 1229 praeter
479 1180 722 1218 Herodotum
755 1180 938 1229 Ephorus
970 1179 1171 1217 consultus
1204 1183 1276 1217 est:
1308 1179 1354 1215 ab
1387 1178 1522 1216 codem

40 1245 330 1284 Aristodemum
354 1248 531 1297 pendere
561 1251 650 1284 ante
673 1247 926 1295 exposuimus
959 1245 1022 1291 (ef.
1054 1258 1090 1294 p.
1113 1244 1220 1290 320).
1270 1245 1522 1282 Plutarchum

40 1314 209 1364 denique
241 1315 278 1352 in
310 1315 389 1353 vita
420 1315 603 1353 Aristidis
635 1313 872 1363 Rosei11s29),
903 1326 988 1351 eum
1021 1326 1105 1362 cap.
1133 1315 1220 1351 8-—
1234 1316 1282 1351 10
1315 1313 1362 1349 ad
1396 1313 1522 1363 Epho-

40 1394 123 1420 rum
165 1381 381 1431 reeederet,
423 1395 507 1432 cap.
539 1385 669 1431 1-7,
702 1384 765 1430 22,
798 1384 849 1420 24
881 1381 903 1426 ἓ
931 1384 1076 1419 4-27
1121 1381 1245 1418 eredit
1286 1392 1396 1417 usum
1438 1392 1522 1418 esse

42 1450 235 1498 scriptore
258 1449 441 1498 quodam,
473 1450 539 1499 qui
571 1449 745 1487 Panaetii
769 1452 897 1486 aetate
929 1448 1122 1497 posterior
1153 1451 1255 1485 esset
1287 1452 1324 1484 et
1355 1452 1521 1485 exeunte

39 1528 139 1554 saec.
169 1515 206 1551 II
237 1529 271 1554 a.
299 1517 387 1555 Chr.
416 1530 451 1554 n.
489 1518 669 1565 vixisset,
717 1528 829 1565 quem
876 1521 1040 1565 propter
1079 1514 1431 1564 contemplationes
1474 1515 1521 1552 de

42 1584 238 1622 hominum
282 1585 455 1622 moribus
495 1584 559 1622 1110
602 1586 800 1622 exstantes
842 1588 879 1621 et
921 1583 1178 1631 cogitationes
1219 1583 1257 1619 in
1297 1582 1521 1619 universum

39 1651 246 1689 tendentes
273 1652 569 1701 peripateticum
594 1663 677 1689 esse
708 1653 836 1699 putat3
869 1650 973 1699 quod
1006 1662 1120 1699 quam
1145 1650 1254 1687 vanis
1285 1650 1431 1687 nitatur
1463 1662 1520 1687 ar-

39 1719 235 1768 gumentis
277 1731 348 1767 per
385 1731 426 1757 se
464 1722 640 1768 apparet,
682 1719 912 1767 praesertim
953 1730 1039 1755 eum
1082 1717 1353 1766 unusquisque
1393 1718 1520 1755 statim

41 1789 215 1835 quaerat,
246 1799 268 1824 a
290 1799 367 1835 quo
391 1787 548 1824 tandem
570 1787 728 1835 ignotus
751 1785 813 1823 hie
836 1785 949 1823 homo
971 1784 1152 1834 pendeat.
1212 1785 1331 1823 immo
1359 1788 1521 1834 propter

39 1866 85 1892 ea
117 1866 217 1903 quae
250 1854 414 1902 exposui
444 1854 493 1891 ad
525 1854 726 1903 Ephorum
761 1856 879 1891 totam
912 1853 1014 1890 hane
1042 1851 1089 1890 de
1113 1852 1234 1890 Callia
1257 1853 1518 1890 narrationem

40 1916 227 1970 referam,
270 1922 500 1970 praesertim
544 1934 628 1959 eum
673 1922 863 1959 amaverit
904 1920 967 1958 hie
1010 1921 1178 1970 scriptor
1221 1920 1441 1958 comoedias
1483 1921 1519 1958 in

39 2001 150 2028 usum
184 1987 393 2035 voeare.30)

151 2057 334 2106 Denique
365 2057 485 2095 301101.
510 2057 564 2094 111
596 2058 683 2095 Pae.
710 2059 787 2095 289
822 2057 843 2094 l.
866 2059 1042 2095 47—50.
1103 2057 1180 2094 Iam
1213 2060 1327 2094 antea
1354 2056 1521 2094 vidimus

38 2124 159 2162 schol.
182 2125 273 2162 Pae.
296 2126 375 2163 289
408 2124 491 2162 fere
523 2125 652 2162 omnia
683 2125 732 2162 ad
764 2124 921 2173 Didymi
945 2126 1265 2162 commentarium
1298 2124 1520 2162 recedentia

39 2193 153 2230 huius
184 2193 425 2241 grammatici
457 2193 673 2230 inventioni
706 2192 853 2240 deberi,
886 2192 994 2229 nullo
1033 2192 1131 2230 libro
1164 2192 1348 2230 historico
1380 2193 1520 2241 adiuti,

38 2272 158 2297 unum
188 2260 302 2297 aliter
324 2263 593 2309 comparatum
617 2263 685 2309 est,
717 2260 887 2309 tertium,
918 2259 1023 2308 quod
1057 2272 1291 2308 quamquam
1325 2264 1361 2298 et
1392 2261 1517 2310 ipsum

39 2330 177 2376 poetae
208 2327 330 2365 verba
366 2327 463 2365 falso
503 2329 785 2376 interpretatur
822 2339 983 2365 11000330
1021 2330 1079 2365 est
1115 2327 1164 2364 ad
1197 2328 1338 2366 bonum
1372 2328 1517 2367 fontem

38 2395 206 2433 recedat.
270 2395 368 2434 Sunt
403 2395 524 2433 verba
563 2396 673 2433 haee:
715 2392 844 2439 Δᾶτις
879 2392 971 2431 τῶν
1013 2389 1061 2431 ἐν
1096 2393 1344 2444 Μαραθῶνι
1382 2407 1518 2446 παρα-

38 2458 297 2511 ταξαμένων
337 2451 582 2513 Ἄθηναίοις
624 2453 865 2513 στρατηγὸς
907 2459 1091 2511 Δαρείου
1138 2453 1190 2499 ὃν
1228 2471 1362 2511 φασιν
1402 2454 1518 2501 (ἔντι-

38 2520 312 2580 maiomam
343 2528 419 2580 τῆς
442 2521 636 2581 Ἀττικῆς
668 2519 727 2574 ὡς
754 2525 876 2575 ἰδίας.
929 2520 1016 2567 sino
1039 2522 1196 2580 ὒΙήδου
1219 2524 1299 2580 γὰρ
1322 2529 1404 2568 τοῦ
1427 2530 1517 2582 Mq-

39 2592 155 2642 δείας
191 2593 264 2633 καὶ
301 2592 468 2647 Αἰγέως
505 2591 645 2635 ἐδόκει
685 2590 807 2645 εἶναι,
845 2611 946 2647 quae
985 2600 1155 2637 narratio
1192 2602 1269 2637 tam
1307 2599 1516 2648 singularis

150 2696 193 2733 23)
227 2693 282 2728 ef.
309 2696 328 2727 l.
347 2704 377 2727 a.
403 2704 437 2736 p.
457 2697 520 2728 440
546 2694 667 2728 adnot.

150 2752 195 2791 29)
229 2748 284 2784 Cf.
308 2749 364 2783 De
390 2749 660 2784 Plut.A1·istid.
680 2750 779 2793 font„
805 2751 967 2794 Gotting.
990 2755 1085 2794 1574,
1111 2762 1144 2795 p.
1163 2755 1214 2785 5—
1230 2756 1267 2795 93
1293 2751 1338 2787 ef.
1364 2764 1398 2796 p.
1422 2757 1469 2788 13.

152 2806 195 2850 ³³⁴¹)
228 2806 332 2847 Quod
358 2806 529 2850 exposuit
553 2810 697 2850 praeter
722 2807 812 2841 alios
838 2807 1026 2851 Ruehlius,
1052 2808 1072 2842 1.
1091 2817 1120 2842 a.
1147 2818 1181 2851 p.
1200 2811 1273 2843 672.
