1830 3201
281 195 331 230 5ss

280 303 411 341 ferunt
444 303 509 340 vel
542 303 743 353 praebent,
773 304 835 341 hic
868 304 1128 341 nominantur.
1189 304 1250 343 Sic
1276 303 1453 343 videmus
1480 304 1541 343 hic
1563 306 1756 344 actionem

282 371 426 419 inesse,
465 383 541 408 non
579 369 859 409 condicionem.
920 372 1019 409 Tum
1059 371 1165 409 notio
1206 371 1332 409 lucem
1370 384 1418 409 ex
1456 384 1497 410 se
1529 373 1756 411 effundendi

281 437 470 486 gradatim
503 449 544 475 se
576 438 771 476 convertit
802 439 838 475 in
872 438 1153 487 generaliorem
1186 438 1312 476 lucem
1345 439 1558 488 praebendi
1590 440 1651 478 vel
1673 440 1754 478 effi-

282 504 422 553 ciendi,
454 507 496 542 ut
528 504 594 542 lux
627 505 788 554 oriatur,
818 506 900 542 sive
933 505 1037 554 quod
1067 505 1134 543 lux
1156 517 1204 542 ex
1225 505 1309 554 ipso
1332 505 1507 544 subiecto
1530 507 1754 553 effunditur,

280 573 361 609 sive
392 572 484 621 quia
515 585 537 609 a
568 572 742 610 subiecto
775 572 955 621 efficitur,
988 575 1030 610 ut
1061 573 1127 610 lux
1159 573 1289 622 aliqua
1309 573 1459 611 ratione
1481 574 1640 612 oriatur.
1686 575 1755 612 His

282 639 395 677 rebus
433 639 620 688 expositis
659 653 733 678 non
775 652 873 688 opus
910 642 969 678 cst
1006 653 1092 678 cum
1127 639 1402 678 Doederleinio
1435 652 1460 691 η
1485 643 1562 679 102
1595 633 1757 686 νύκτας

281 719 351 757 pro
388 706 595 745 transitivo
632 707 858 746 accusativo
899 708 1044 746 habere
1077 711 1115 746 et
1144 719 1169 744 τ
1192 711 1242 746 25
1274 699 1354 757 τὴν
1385 699 1525 745 νύκτα
1555 709 1615 747 vel
1648 698 1757 746 ὁδόν

281 775 513 824 subaudire,
558 787 659 824 quae
706 776 1001 814 coniunctiones
1043 788 1089 814 ex
1131 788 1253 814 causa
1296 788 1417 825 supra
1458 779 1757 815 commemorata

282 843 443 880 multum
475 842 619 881 habent
649 842 884 881 offensionis.

392 909 524 957 Quare
555 922 641 947 cum
672 910 833 948 verbum
857 906 1002 958 φαίνω
1033 913 1169 960 aperte
1201 923 1278 948 non
1306 910 1441 948 eadem
1465 913 1598 949 utatur
1618 911 1656 948 vi
1680 923 1758 961 qua

280 973 516 1027 προφαίνω
549 989 562 1013 ι
587 980 677 1026 145,
712 977 882 1016 Seilerus
913 981 952 1016 et
983 977 1210 1027 Ebelingius
1246 977 1516 1029 lexicographi
1556 979 1631 1016 illis
1662 978 1758 1017 locis

282 1046 402 1083 verbo
434 1041 579 1093 φαίνω
610 1045 895 1084 intransitivam
927 1046 1124 1083 notionem
1162 1045 1302 1083 iniuria
1333 1044 1645 1091 attribuerunt.¹)

396 1112 541 1151 Eodem
579 1112 694 1151 modo
731 1125 776 1151 ac
815 1113 862 1150 de
901 1113 978 1150 illis
1016 1113 1127 1159 locis,
1172 1112 1220 1150 de
1257 1113 1399 1162 quibus
1435 1113 1549 1151 modo
1580 1113 1758 1159 disserui,

282 1181 329 1218 de
361 1183 485 1219 6308
525 1183 562 1218 et
594 1182 691 1229 343,
734 1180 797 1218 ubi
842 1176 1027 1228 φαείνω,
1073 1184 1111 1218 ct
1151 1179 1199 1218 de
1231 1183 1374 1230 6310,
1419 1181 1482 1219 ubi
1525 1171 1758 1228 ἀναφαίνω

282 1248 437 1296 legitur,
467 1247 541 1285 erIt
574 1247 839 1285 iudicandum.

393 1314 534 1353 Aetate
572 1317 701 1353 tamen
733 1314 1039 1363 posthomerica,
1079 1318 1121 1352 ut
1151 1314 1225 1352 iam
1257 1315 1489 1363 memoravi,
1526 1310 1672 1362 φαίνω
1704 1315 1758 1353 in-

281 1382 483 1419 transitive
515 1384 737 1431 usurpatur.
800 1380 949 1428 Quodsi
982 1381 1126 1431 Papius
1158 1382 1262 1419 hunc
1295 1394 1406 1419 usum
1439 1381 1578 1419 adesse
1611 1394 1758 1431 negare

280 1461 326 1486 ac
364 1449 487 1487 solum
526 1449 747 1487 absolutum
786 1449 894 1486 illum
934 1461 1045 1487 usum
1083 1461 1300 1498 agnoscere
1337 1449 1508 1498 videtur,
1548 1452 1667 1499 errat3
1711 1449 1759 1487 cf.

283 1529 315 1554 e.
339 1529 370 1554 c.
395 1512 588 1562 Φαίνων,
632 1529 846 1566 cognomen
879 1516 1054 1565 Saturni,
1099 1516 1235 1554 stellae
1272 1529 1413 1566 vagae,
1454 1517 1492 1554 in
1533 1529 1610 1566 quo
1651 1517 1758 1555 notio

283 1597 375 1623 vere
406 1583 656 1622 intransitiva
687 1586 924 1632 agnoscatur
955 1586 1121 1633 oportet.
1181 1584 1334 1622 Etenim
1366 1587 1501 1634 aperte
1532 1584 1589 1621 illi
1620 1584 1756 1622 stellae

281 1651 328 1689 ob
360 1651 610 1700 splendorem
642 1651 714 1688 hoc
745 1663 886 1689 nomen
918 1650 1082 1688 inditum
1115 1653 1185 1688 est.

395 1730 615 1779 Causative,
654 1733 695 1767 ut
732 1729 781 1767 ad
818 1725 1056 1779 προφαίνω
1088 1732 1277 1778 revertar,
1318 1729 1415 1767 illud
1447 1729 1608 1768 verbum
1640 1731 1758 1768 semel

281 1798 385 1848 apud
419 1799 528 1835 Hom.
553 1800 766 1847 usurpatur
795 1809 823 1846 μ
847 1799 927 1836 394
955 1800 1099 1834 τοῖσιν
1121 1786 1159 1832 δ’
1178 1786 1318 1833 αὐτίκ’
1337 1790 1484 1834 ἔπειτα
1506 1793 1605 1834 θεοὶ
1626 1793 1758 1848 τέραα

281 1857 578 1917 προῦφαινον.

847 1973 888 2015 2.
933 1972 1192 2027 φλεγέθει).

396 2071 482 2107 Hoc
513 2069 675 2107 verbum
709 2081 730 2106 a
752 2068 912 2106 Graecis
945 2066 1100 2106 demum
1132 2066 1227 2113 (una
1257 2080 1342 2106 cum
1375 2063 1542 2118 φλέγω)
1574 2082 1597 2106 a
1628 2068 1758 2107 radice

283 2137 390 2187 (ph-y
422 2149 524 2175 novo
556 2136 699 2174 suffixo
730 2135 912 2173 adiuncto
937 2134 1157 2173 derivatum
1180 2137 1249 2172 est.
1309 2135 1538 2186 Propinqua
1559 2139 1650 2174 sunt
1672 2148 1757 2174 ver-

282 2205 372 2242 bum
391 2205 572 2243 Latinum
599 2202 797 2252 „fulgere“
824 2206 861 2240 et
877 2202 1141 2240 Theodiscum
1164 2202 1319 2251 priscae
1341 2203 1481 2241 aetatis
1507 2203 1760 2253 „blecchen“,

283 2284 450 2321 quorum
484 2273 694 2320 utrumque
732 2272 882 2307 tantum
922 2269 1209 2307 intransitivam
1242 2282 1336 2319 prae
1368 2282 1409 2308 se
1441 2270 1518 2308 fert
1549 2271 1758 2309 notionem.

282 2339 522 2389 Principalis
545 2339 664 2389 igitur
687 2338 793 2376 notio
816 2340 876 2375 est
901 2337 1070 2387 „fulge0,
1092 2337 1321 2387 splende0“.
1353 2337 1407 2376 Of.
1431 2337 1537 2376 Gurt.
1560 2338 1639 2376 Et.⁵
1663 2340 1759 2388 188;

400 2471 426 2510 ¹)
459 2468 668 2503 Admonere
694 2466 802 2501 velim
833 2465 983 2501 formam
1015 2466 1220 2501 iterativam
1246 2463 1469 2511 φάνεσκεβι)
1494 2469 1527 2501 Λ
1552 2471 1609 2512 643
1633 2469 1653 2501 λ
1678 2471 1760 2512 5873

281 2539 306 2568 μ
326 2528 399 2559 241.
426 2526 501 2567 242,
535 2533 627 2567 quae
658 2522 935 2558 intransitivum
961 2533 1110 2558 sensum
1141 2522 1259 2566 habet,
1292 2522 1362 2557 huc
1393 2533 1464 2557 non
1491 2533 1574 2558 esse
1603 2522 1758 2559 referen-

282 2582 380 2623 dam,
412 2581 498 2625 quia
528 2590 601 2613 non
635 2579 680 2613 ab
713 2579 849 2614 aoristo
881 2580 917 2613 ΙΙ
947 2580 1056 2614 activi
1088 2574 1232 2623 ἔφανον
1265 2579 1375 2614 semel
1407 2580 1443 2613 in
1473 2580 1573 2615 varia
1602 2580 1757 2615 lectione

286 2638 319 2671 Π
335 2640 397 2672 299
428 2636 574 2678 tradito,
607 2636 673 2671 sed
703 2636 748 2670 ab
783 2635 918 2670 aoristo
944 2636 978 2669 II
1011 2636 1148 2680 passivi
1182 2629 1327 2679 ἐφάνην
1358 2636 1557 2681 repetenda
1588 2641 1653 2671 est.
1703 2636 1758 2672 Cf.

282 2693 484 2728 Thierschii
507 2703 560 2737 gr.
579 2692 656 2727 Gr.³
679 2693 699 2737 ξ
717 2695 780 2726 210
795 2702 813 2726 c
838 2696 875 2726 et
892 2690 1047 2726 Ameisii
1073 2691 1261 2736 Faesiique
1283 2692 1423 2727 adnott.
1441 2692 1486 2726 ad
1504 2694 1525 2727 λ
1542 2695 1605 2727 587
1632 2696 1759 2727 contra

282 2750 467 2784 Kuehneri
484 2759 535 2794 gr.
555 2749 633 2783 Gr.2
651 2748 670 2793 ξ
690 2751 765 2790 215,
786 2750 804 2781 2
818 2747 851 2782 b.
885 2749 1044 2789 Quacum
1063 2747 1289 2782 derivatione
1307 2745 1529 2791 significatio
1545 2748 1757 2792 apparendi,

285 2816 393 2849 quam
420 2805 573 2849 praebet
597 2803 687 2838 illud
712 2801 893 2848 φάνεσκε,
918 2803 1048 2838 melius
1073 2803 1263 2838 concinere
1289 2803 1447 2840 videtur.

1823 2959 1830 3201 -ῌ-..ῲῄ
