1830 3201
273 192 326 227 40

274 301 466 349 cuiusque
498 301 604 338 verbi
637 301 695 338 vis
733 304 790 338 est
830 302 1078 339 intransitiva
1118 304 1186 339 aut
1217 303 1434 353 transitiva,
1473 305 1592 342 verba
1626 305 1665 342 in
1697 303 1750 341 di-

273 382 409 407 versas
440 371 572 418 partes
611 369 824 407 dividenda
855 372 957 407 sunt.
1015 369 1053 407 Si
1087 370 1217 407 omnia
1249 370 1369 408 verba
1408 371 1483 408 huc
1514 372 1751 421 pertinentia

272 437 604 486 percensebimus,
640 437 883 474 inveniemus
920 437 1039 474 multo
1072 437 1238 487 plurima
1270 437 1388 475 verba
1425 439 1632 488 principali
1665 450 1750 476 esse

272 505 310 541 vi
342 504 601 553 intransitiva,
633 516 758 553 pauca
787 505 1054 542 tantummodo
1087 505 1306 543 transitiva.
1366 505 1452 552 Qua
1485 506 1532 544 de
1564 518 1682 544 causa
1712 506 1749 543 in

274 572 448 621 plurimis
469 572 598 609 verbis
630 571 678 609 de
701 572 826 620 ellipsi
860 572 1102 620 pronominis
1124 572 1302 609 reflexivi
1333 585 1458 611 sermo
1491 574 1626 622 nequit
1656 585 1752 611 esse.

388 639 501 686 Quod
533 652 651 688 porro
684 639 731 676 ad
763 652 808 677 ea
829 640 961 689 verba,
992 652 1158 689 quorum
1192 640 1418 689 principalis
1439 642 1497 679 vis
1528 644 1588 679 est
1613 641 1752 679 transi-

274 707 366 755 tiva⁷
402 707 551 752 attinet,
588 708 697 745 notio
728 707 975 745 intransitiva
1014 707 1215 756 multiplici
1247 709 1396 746 ratione
1434 709 1470 745 in
1505 721 1550 746 ea
1586 708 1752 758 irrepsit.

277 774 481 821 Quomodo
512 775 785 812 intransitivae
817 775 995 813 notiones
1032 787 1078 812 cx
1110 788 1195 812 mea
1225 775 1381 824 quidem
1418 777 1640 825 suspicione
1676 776 1753 813 sint

277 846 395 887 ortae,
433 842 470 879 id
510 843 546 879 in
585 842 749 890 singulis
781 842 912 879 verbis
951 843 1094 880 notavi.
1154 843 1428 881 Verumtamen
1469 843 1656 881 confiteor
1694 855 1752 881 me

276 910 438 958 nescire,
469 909 663 959 quomodo
696 910 753 946 vis
783 909 1033 947 intransitiva
1064 911 1101 947 in
1134 910 1351 958 compluria
1373 912 1494 949 verba
1526 911 1753 960 penetrarit.

275 978 458 1015 Fortasse
490 977 527 1014 id
559 977 751 1026 suspicari
783 978 871 1015 licet
911 978 1086 1015 homines
1118 977 1291 1016 Graecos
1328 979 1511 1028 analogia
1544 979 1752 1016 multorum

276 1045 485 1083 verborum
517 1044 662 1094 duplici
685 1046 843 1083 notione
873 1046 1152 1093 praeditorum,
1185 1058 1285 1094 quae
1308 1046 1485 1094 primitus
1506 1046 1754 1084 intransitiva

278 1112 515 1149 causativam
554 1115 789 1161 acceperant
824 1113 915 1161 vim,
958 1112 1150 1149 adductos
1188 1124 1284 1161 esse,
1327 1116 1369 1150 ut
1408 1113 1536 1151 verbis
1577 1114 1754 1162 primitus

277 1179 492 1217 transitivis
523 1179 717 1228 duplicem
749 1180 968 1217 tribuerent
1000 1180 1211 1217 notionem.

391 1247 508 1284 Nunc
545 1247 732 1285 nonnulla
768 1247 816 1284 de
852 1248 1060 1295 partitione
1097 1248 1304 1285 verborum
1343 1248 1517 1286 adiciam.
1583 1249 1754 1286 Primum

278 1315 368 1352 mihi
409 1315 603 1363 agendum
641 1316 713 1353 erit
754 1315 801 1352 de
833 1315 963 1352 verbis
1005 1315 1182 1364 primitus
1220 1316 1489 1365 intransitivis,
1531 1316 1671 1354 deinde
1708 1316 1755 1353 de

278 1385 408 1423 verbis
444 1386 624 1435 primitus
655 1385 883 1430 transitivis,
921 1389 1001 1422 tum
1040 1384 1088 1422 de
1125 1384 1170 1421 iis
1201 1385 1342 1432 verbis,
1382 1385 1524 1433 quibus
1561 1385 1755 1434 principio

278 1454 337 1490 vis
369 1456 406 1491 et
437 1454 643 1491 transitiva
679 1456 717 1492 et
748 1453 993 1491 intransitiva
1030 1453 1219 1497 inhaeret,
1257 1455 1451 1501 postremo
1485 1452 1531 1490 de
1564 1454 1621 1500 iis,
1659 1464 1752 1501 quo·

280 1533 362 1558 rum
395 1522 624 1571 principalis
647 1523 753 1560 notio
786 1525 892 1559 certo
925 1521 1008 1557 erui
1031 1532 1107 1556 non
1132 1522 1271 1568 potest.
1331 1519 1481 1566 Quibus
1504 1520 1634 1557 verbis
1666 1522 1756 1557 sunt

278 1589 317 1626 in
354 1590 572 1638 appendice
609 1590 776 1639 quadam
816 1603 862 1627 ea
892 1589 1013 1626 verba
1051 1587 1330 1636 subnectenda,
1367 1588 1403 1624 in
1436 1587 1577 1636 quibus
1614 1590 1756 1625 utram·

280 1669 356 1705 que
388 1658 581 1696 notionem
614 1659 740 1696 inesse
772 1658 945 1695 homines
967 1655 1071 1693 docti
1104 1658 1352 1704 censuerunt,
1383 1655 1450 1693 sed
1484 1667 1566 1693 meo
1598 1655 1754 1705 quidem

280 1725 421 1763 iudicio
454 1726 538 1763 sola
568 1726 691 1764 altera
720 1726 830 1763 inest.

980 1870 1004 1918 ξ
1035 1869 1066 1908 1.

580 1958 647 2000 De
680 1958 836 2000 verbis
869 1957 1091 2010 primitus
1123 1957 1456 1999 intransitivis.

397 2054 573 2100 Quorum
618 2053 824 2090 transitiva
872 2052 976 2090 notio
1024 2052 1224 2089 causativa
1266 2054 1324 2089 est
1365 2051 1611 2100 appellanda.
1646 2076 1648 2078 -
1681 2052 1759 2089 Ista

284 2122 487 2159 causativa
519 2122 634 2165 notio,
673 2121 745 2158 nisi
776 2121 852 2158 alia
883 2120 956 2165 via7
994 2132 1072 2169 qua
1108 2120 1313 2156 transitiva
1344 2120 1402 2156 vis
1439 2120 1475 2156 in
1509 2119 1669 2156 verbum
1703 2119 1758 2155 in-

285 2190 405 2227 fluere
437 2191 575 2238 potest,
613 2188 779 2226 dilucide
819 2188 1025 2233 indicatur,
1066 2187 1297 2236 plerumque
1339 2199 1383 2224 eo
1425 2190 1509 2224 orta
1546 2190 1614 2234 est,
1653 2185 1758 2235 quod

286 2256 490 2294 transitiva
522 2257 639 2301 notio,
672 2268 774 2305 quae
805 2256 921 2292 activi
954 2255 1112 2304 propria
1144 2266 1226 2291 esse
1249 2253 1467 2302 videbatur,
1498 2255 1535 2291 in
1568 2254 1650 2291 eius
1681 2253 1760 2290 for-

286 2335 367 2361 mas
404 2323 643 2361 descendere
674 2324 814 2372 coepIt.
875 2323 969 2361 Cum
1002 2322 1102 2359 enim
1139 2321 1285 2359 formae
1323 2320 1439 2358 medii
1474 2324 1512 2358 et
1543 2321 1662 2358 activi
1694 2333 1760 2358 no·

286 2392 390 2429 tione
428 2393 610 2428 accurate
643 2390 830 2437 distingui
863 2393 1025 2438 coeptae
1057 2392 1195 2438 essent,
1233 2387 1358 2426 medio
1397 2387 1623 2436 principalis
1654 2387 1760 2425 notio

286 2458 534 2495 intransitiva
576 2457 868 2505 reservabatur,
909 2457 1108 2494 causativa
1148 2468 1240 2493 vero
1284 2456 1403 2493 activi
1443 2455 1587 2492 formas
1633 2456 1762 2503 coepit

288 2523 528 2573 occupare.1)
599 2524 782 2562 Profecto
832 2525 869 2561 in
919 2523 1123 2572 permultis
1166 2522 1296 2560 verbis
1346 2523 1571 2560 causativac
1614 2522 1761 2560 notioni

404 2632 430 2676 ¹)
465 2631 507 2664 In
532 2630 599 2664 hac
625 2630 939 2675 disputatiuncula
971 2631 1007 2663 in
1034 2630 1245 2664 universum
1278 2638 1410 2672 sequor
1435 2629 1477 2663 G.
1500 2627 1659 2663 Kuehnii
1683 2638 1761 2663 sen-

290 2688 448 2729 tentiam,
475 2697 580 2730 quam
598 2687 659 2720 ille
685 2686 803 2721 Curtii
821 2686 1038 2720 auctoritate
1056 2686 1160 2719 nisus
1185 2685 1436 2729 pronuntiavit
1452 2685 1487 2718 in
1506 2684 1761 2718 dissertatione

290 2753 356 2777 sua
380 2742 633 2786 Marburgensi
660 2745 754 2785 1877,
780 2752 872 2786 quae
891 2741 1103 2776 inscribitur
1122 2741 1187 2781 „de
1205 2739 1329 2775 aoristi
1346 2740 1487 2785 passivi
1503 2739 1628 2774 formis
1652 2742 1762 2784 atque

290 2810 360 2834 usu
385 2799 609 2843 Homerico“‚
634 2809 668 2843 p.
687 2801 706 2832 4
721 2808 798 2842 sqq.
