1830 3201
263 155 340 191 102

262 263 343 313 φθι
385 267 521 302 exorta
552 268 645 303 sunt
676 260 840 313 φθί-ω,
873 262 1070 314 φθί-νω,
1102 259 1324 314 §effi-voco,
1355 259 1648 316 φθι-ι’ύ-θω;
1689 267 1738 304 ef.

263 336 305 371 R.
326 333 598 382 Fritzschium,
629 333 734 371 Curt.
756 332 857 371 stud.
881 335 964 383 Vll,
987 336 1085 382 385;
1117 333 1160 372 G.
1182 334 1393 383 Meyerum,
1418 347 1476 383 gr.
1498 333 1581 373 Gr.2
1602 335 1624 379 ἓ
1645 337 1738 373 492.

375 399 449 437 Sed
482 399 637 438 difficile
675 403 732 438 est
763 400 880 446 dictu,
902 404 1008 445 *utra
1038 401 1085 438 sit
1122 401 1231 450 prior
1261 401 1369 439 verbi
1405 401 1649 452 significatio,
1683 403 1738 439 in-

262 468 467 505 transitiva
504 480 553 505 an
585 468 806 513 transitiva3
847 481 932 506 nam
972 481 1020 507 ne
1052 467 1196 506 radicis
1229 468 1384 517 quidem
1424 469 1650 518 principalis
1680 470 1739 507 vis

265 537 371 572 certo
403 535 521 572 statui
552 537 693 584 potest,
725 536 815 584 quia
845 536 968 574 verba
999 547 1047 573 ex
1070 536 1156 573 aliis
1177 535 1321 585 linguis
1353 536 1470 574 allata.
1500 539 1538 574 et
1568 536 1740 575 Sanseri-

263 603 382 639 ticum
415 605 452 640 et
483 602 666 640 Latinum
703 604 884 649 „minuo“
924 604 997 641 iam
1032 606 1236 652 utramque
1268 604 1464 642 notionem
1502 604 1540 641 in
1572 616 1614 642 se
1650 616 1738 642 eon-

265 670 445 718 iungunt.
505 670 688 708 Fortasse
720 671 838 720 igitur
875 671 913 709 in
945 670 1065 709 verbo
1096 670 1421 719 Indogermanico
1459 670 1605 722 duplex
1635 672 1740 710 notio

264 737 400 775 inerat.

379 804 495 851 Quod
528 804 575 842 ad
609 805 848 854 singularem
881 806 1076 844 notionem
1109 806 1224 844 huius
1252 805 1359 844 verbi
1391 806 1428 843 in
1451 805 1540 843 -θω
1567 804 1742 844 cadentis

265 872 416 921 attinet,
452 872 582 920 relego
614 872 664 910 ad
697 886 753 921 ea,
792 885 894 930 quae
925 873 996 911 sub
1029 869 1236 923 φλὲγέθοο
1267 876 1304 911 et
1334 866 1549 921 φθινύθω
1586 874 1743 923 planius

266 939 312 977 cle
345 940 417 977 hae
448 940 676 989 quaestione
707 941 881 990 exposui,
920 945 958 979 et
994 941 1041 979 de
1072 941 1166 979 locis
1196 941 1371 991 singulis,
1407 942 1550 991 quibus
1581 941 1742 980 verbum

267 1007 473 1057 reperitur,
505 1007 554 1045 ad
584 1008 845 1046 Wentzelium
877 1009 899 1046 l.
927 1009 950 1047 l.
981 1022 1017 1058 p.
1046 1011 1097 1048 33
1131 1012 1168 1047 et
1199 1011 1262 1048 34.

923 1163 963 1206 C.
1004 1156 1089 1203 ἂω.

381 1257 439 1294 De
471 1257 653 1306 primaria
677 1257 712 1294 vi
746 1256 1020 1295 constituenda
1052 1256 1228 1294 homines
1260 1256 1362 1294 docti
1394 1256 1431 1294 in
1465 1257 1639 1295 diversas
1671 1257 1746 1295 dis-

268 1324 413 1362 cedunt
444 1327 594 1372 partes3
627 1323 674 1361 ef.
704 1324 811 1362 Curt.
834 1323 914 1361 ΕΜ)
937 1326 1015 1362 397
1033 1336 1089 1372 sq.
1121 1327 1160 1361 et
1185 1320 1445 1361 Vanieekium
1474 1324 1522 1372 ΙΙ,
1545 1326 1624 1362 979
1656 1337 1746 1363 eon-

268 1394 330 1429 tra
361 1390 560 1429 Fickiumss
588 1392 637 1436 ΙΙ,
660 1394 722 1429 27.
782 1390 1010 1429 Notandum
1044 1394 1103 1429 est
1138 1391 1307 1429 radicem
1341 1391 1611 1430 Sanseritieam
1644 1395 1746 1430 utra-

269 1470 345 1507 que
377 1458 431 1495 uti
463 1458 513 1495 vi.
573 1458 658 1495 Hoc
689 1460 837 1496 eertum
870 1460 938 1502 est,
976 1457 1139 1495 verbum
1179 1457 1543 1506 Indogermanieum
1579 1461 1648 1496 aut
1683 1470 1747 1504 „se

270 1524 435 1563 satiare“
471 1528 538 1562 aut
573 1524 765 1570 „satiare“
801 1524 1095 1573 significavisse.

382 1593 498 1641 Apud
540 1593 752 1630 Homerum
796 1595 964 1641 utraque
1002 1592 1062 1630 vis
1105 1596 1253 1631 tantum
1297 1593 1334 1630 in
1376 1592 1499 1631 Iliade
1541 1593 1749 1632 Invenitur.

270 1662 357 1709 Res,
388 1673 466 1710 qua
498 1660 587 1710 quis
618 1662 795 1709 satiatur,
826 1661 863 1698 in
895 1660 1079 1709 genetivo
1111 1660 1211 1698 adici
1244 1660 1354 1710 solet,
1395 1661 1512 1699 semel
1544 1661 1582 1698 in
1615 1660 1748 1699 dativo

271 1728 558 1766 instrumentali
580 1726 618 1765 A
641 1730 733 1767 818.
783 1729 947 1765 Praeter
973 1728 1171 1777 propriam
1195 1728 1271 1765 vim
1303 1728 1407 1779 apud
1431 1728 1642 1766 Homerum
1674 1729 1747 1766 iam

270 1797 482 1845 impropria
513 1797 618 1834 notio
651 1796 865 1844 conspicua
895 1798 963 1833 est.

382 1866 418 1903 Ι.
464 1865 733 1903 Transitivum
771 1865 931 1903 verbum
974 1865 1132 1914 proprie
1174 1865 1222 1903 de
1260 1878 1351 1903 vere
1390 1864 1568 1903 satiando
1608 1864 1750 1903 dicitur
1788 1917 1791 1921 Ι

275 1934 296 1972 I
321 1936 400 1973 489
435 1931 511 1981 (σε)
545 1924 662 1981 ὄψου
692 1924 729 1969 τ’
753 1925 901 1983 ἄσαιμι
932 1925 1193 1983 προταμών;
1224 1932 1261 1971 Α
1284 1936 1364 1972 818
1398 1926 1516 1971 ἄσειν
1547 1929 1594 1971 ἐν
1622 1930 1748 1984 Τροίῃ

273 1998 426 2052 ταχέας
456 1995 593 2047 κύνας
615 1992 763 2052 ἀργέτι,
786 1997 923 2052 δημῷ;
961 2000 1089 2040 T307
1120 1994 1177 2052 μή
1206 2013 1256 2050 με
1286 1997 1392 2051 πρὶν
1414 1998 1553 2039 σίτοιο
1582 1995 1750 2039 κελεύε-

274 2082 317 2107 τε
341 2066 445 2121 μηδὲ
468 2068 664 2120 ποτῆτος
690 2066 695 2119 Ι
725 2062 912 2107 ἄσασθαι
936 2065 1069 2117 φίλον
1091 2059 1214 2118 ἦτορ.
1270 2068 1542 2118 Kruegerusl)
1563 2070 1749 2108 aoristum

274 2129 461 2176 ἄσασθαι.
493 2139 530 2176 in
563 2150 767 2176 numerum
799 2137 961 2175 asel-ibit
992 2148 1127 2174 eorum
1161 2137 1381 2185 verborum,
1419 2149 1584 2186 quorum
1617 2137 1750 2176 formis

278 2206 508 2244 medialibus
545 2206 723 2244 inhaeret
754 2206 813 2242 vis
849 2217 894 2242 ao
926 2207 1102 2254 potestas
1133 2205 1301 2254 passiva,
1337 2200 1469 2252 φίλον
1499 2195 1608 2255 ἦτορ
1639 2217 1750 2243 aceu-

277 2275 441 2311 sativum
464 2274 666 2312 relationis
696 2274 910 2323 explicans.
971 2272 1046 2311 Sed
1078 2273 1151 2309 iam
1173 2270 1419 2317 Kuehnius2)
1448 2273 1642 2321 Kruegeri
1665 2285 1750 2311 sen-

277 2341 436 2379 tentiam
462 2341 649 2379 refutavit
670 2341 880 2379 adnotans:
912 2337 1200 2389 „(Kruegerus)
1223 2339 1444 2388 neglexisse
1460 2340 1614 2378 videtur
1634 2340 1750 2378 activi

277 2420 436 2458 quoque
466 2408 598 2446 formis
628 2408 791 2446 eandem
824 2408 1034 2456 notionem,
1065 2419 1181 2456 quam
1211 2406 1276 2444 ille
1303 2407 1499 2455 passivam
1527 2407 1750 2457 appellavit,

278 2476 480 2514 infuisse“.
542 2476 593 2513 At
623 2477 737 2514 etiam
767 2475 975 2513 Kuehnius
1006 2474 1174 2512 medium
1206 2485 1290 2511 esse
1320 2474 1611 2512 intransitivum
1643 2478 1750 2513 ratus

279 2541 411 2592 φίλον
441 2530 549 2593 ἦτορ
586 2555 657 2593 pro
689 2543 911 2581 accusativo
948 2542 1146 2580 relationis
1183 2541 1334 2590 accipit.
1393 2541 1583 2590 Equidem
1621 2544 1751 2592 potius

281 2611 532 2649 similitudine
554 2611 834 2660 exemplorum,
855 2613 897 2648 ut
918 2602 1161 2658 φθινύθειν
1180 2606 1266 2659 κῆρ
1288 2609 1618 2659 reliquorumque,
1649 2621 1750 2659 quae

394 2721 404 2740 ¹
454 2718 510 2753 Di.
582 2720 622 2751 52
652 2719 670 2751 9
703 2720 729 2752 1.

394 2721 423 2818 2}
455 2774 510 2809 De
535 2719 825 2818 {oris'ti'passivi
850 2772 973 2807 formis
999 2775 1108 2816 atque
1133 2781 1203 2805 usu
1229 2770 1430 2815 Homerico,
1456 2781 1490 2816 p.
1507 2774 1560 2806 25.
