1830 3201
321 207 398 243 382

313 313 458 353 κίτταῑ
500 303 632 358 οὗτος
662 305 741 363 γὰρ
779 312 870 350 τῶν
898 310 999 363 περὶ
1029 306 1081 350 τὸ
1112 311 1237 364 βῆμα.
1288 309 1360 350 καὶ
1392 305 1586 358 Εὔπολις
1623 309 1682 359 ὥς
1715 313 1785 351 λα-

314 376 393 420 λόι»
434 377 479 419 ἐν
520 374 676 420 Πόλεσι
709 373 908 430 διασύρει
941 410 948 417 .
981 410 988 417 .
1024 410 1031 418 .
1065 376 1188 417 δοκεῖ
1221 376 1267 417 δὲ
1305 373 1503 431 ψήφισμα
1542 377 1787 418 τεθεικέναι

313 442 369 501 μὴ
405 446 714 499 κωμωὸεἴσθαι
756 438 962 497 ὀνόμαστί
1001 458 1098 484 τινα
1146 436 1206 492 (ὃς
1250 441 1469 497 Φρύνιχος
1506 442 1790 499 Μονοτρόπῳ

399 548 406 554 .
440 507 642 565 ἀφείλετο
673 509 754 566 γὰρ
787 512 1017 565 κωμωδεῐν
1053 505 1131 561 οὓς
1161 509 1417 565 ἐπεθύμουν
1449 544 1456 552 .
1492 546 1499 553 .
1534 546 1540 553 .
1575 530 1596 553 a
1627 517 1790 566 Syraco-

315 585 370 623 sio
402 586 521 622 latum
554 596 638 622 esse
676 583 829 633 dicitur,
865 596 906 621 re
938 596 1031 620 vera
1069 583 1187 620 latum
1226 595 1308 621 esse
1348 584 1521 621 homines
1558 583 1662 621 docti
1701 596 1791 622 con-

316 650 565 697 sentiunt15);
597 650 665 689 sed
698 651 986 700 grammaticus,
1017 662 1086 688 suo
1109 662 1157 687 ex
1180 662 1286 688 more
1317 662 1337 688 e
1367 649 1575 688 comoediis
1602 653 1791 700 quantum

316 722 444 769 potest
481 719 682 766 hauriens,
726 719 987 767 cognitionem
1025 717 1141 755 debet
1186 718 1258 755 soli
1295 717 1509 767 Phrynichi
1548 718 1633 756 loco
1675 731 1790 767 quem

315 788 440 834 affert,
472 786 577 835 quod
606 786 794 824 indicavit
820 785 1024 824 Luebkius
1054 785 1077 822 l.
1099 797 1131 822 a.
1162 797 1199 833 p.
1223 787 1285 823 20.
1345 785 1538 823 Perverse
1559 785 1678 834 igitur
1700 785 1792 823 dicit

315 853 508 902 Bergkius
545 852 739 902 (opuscul.
768 854 801 890 Π
840 867 875 903 p.
903 855 981 891 459
1015 852 1104 890 adn.
1133 851 1219 898 24):
1264 853 1334 898 „Ja
1376 852 1436 890 ich
1475 855 1662 902 vei-mute,
1703 853 1792 890 dass

316 921 487 958 dieselbe
518 921 786 969 Bestimmung
817 919 972 969 (nempe
1003 919 1052 956 ad
1081 931 1147 957 eos
1176 922 1328 957 tantum
1360 921 1540 968 spectare
1571 919 1693 968 legem
1726 920 1789 968 qui

315 988 585 1026 interfuissent
621 1000 761 1025 causae
800 985 1180 1036 hermocopidarum)
1218 987 1318 1024 auch
1356 987 1392 1024 in
1425 986 1500 1024 den
1531 988 1692 1024 Worten
1725 987 1793 1024 des

315 1057 560 1095 Scholiasten
593 1056 714 1093 selbst
745 1056 848 1104 liegt,
880 1067 936 1092 wo
968 1047 1068 1091 τινα
1100 1054 1203 1092 wohl
1236 1066 1282 1092 zu
1311 1054 1543 1092 vei-bessem
1576 1055 1642 1092 ist:
1674 1050 1797 1091 δοκεῖ

317 1120 352 1161 δ.
377 1136 414 1160 κ.
439 1132 484 1173 ψ.
508 1135 544 1160 τ.
576 1117 631 1175 μὴ
663 1119 970 1172 κωμωδεῖσθαι
1005 1112 1215 1172 ὀνομαστί
1245 1121 1426 1167 τινας.“

428 1190 467 1237 5)
513 1191 692 1240 Denique
723 1191 800 1228 huc
832 1191 1002 1239 pertinet
1034 1190 1154 1228 schol.
1177 1190 1280 1227 Eccl.
1303 1192 1372 1228 22:
1404 1179 1452 1233 ἃς
1481 1182 1791 1239 Σφυρόμαχος·

314 1252 524 1308 γράφεται
560 1248 606 1303 ἃς
637 1252 898 1308 Κλεόμαχος.
952 1254 1022 1294 καὶ
1048 1253 1154 1306 φασὶ
1178 1250 1436 1306 Κλεόμαχον
1458 1250 1667 1307 τραγικὸν
1687 1252 1792 1295 ’ὑπο-

314 1320 479 1378 κριτήν.
531 1314 662 1370 οὗτος
694 1322 893 1374 φαίνεται
927 1315 1278 1375 ’ὖποκρινόμενός
1299 1336 1408 1363 ποτε
1431 1320 1647 1376 εἰρηκέναι
1668 1319 1794 1375 ἕδρας

314 1390 361 1430 ἐν
393 1388 575 1444 ὁράματι
614 1391 685 1431 καὶ
725 1389 952 1441 ἐσκώφθαι
995 1387 1066 1430 διὰ
1102 1387 1153 1430 τὸ
1191 1389 1487 1442 κακέμφατον.
1540 1382 1563 1429 ὁ
1596 1388 1641 1429 δὲ
1672 1392 1794 1440 Σφυ-

315 1455 503 1511 ρόμαχος
533 1454 735 1513 ψήφισμα
771 1452 1046 1512 εἰσηγήσατο,
1086 1451 1198 1497 ὥστε
1234 1454 1311 1506 τὰς
1342 1464 1551 1510 γυναῖκας
1589 1456 1661 1496 καὶ
1690 1452 1794 1504 τοὺς

315 1521 478 1578 ἄνδρας
504 1526 637 1579 χωρὶς
668 1525 936 1578 καθέζεσθαι
974 1525 1042 1565 καὶ
1076 1521 1153 1572 τὰς
1184 1521 1357 1577 ἑταίρας
1390 1523 1525 1577 χωρὶς
1555 1525 1648 1564 τῶν
1679 1522 1794 1564 ἐλευ-

316 1592 532 1646 θεῗριυν.16)
593 1598 703 1634 Duae
735 1597 854 1645 igitur
886 1597 1092 1634 exstabant
1123 1595 1311 1633 lectiones
1334 1588 1585 1644 Κλεόμαχος
1613 1599 1652 1633 et
1672 1594 1794 1643 Σφυ-

316 1657 521 1713 ρόμαχος,
567 1677 730 1713 quarum
776 1667 982 1712 utramque
1027 1664 1222 1712 explicare
1266 1663 1504 1701 studuerunt
1547 1663 1793 1701 scholiastae.

429 1774 471 1815 ¹⁵)
504 1770 558 1805 Cf.
576 1770 812 1813 Fritzschius‚
839 1772 985 1812 Quaest.
1005 1769 1196 1814 Aristoph.
1222 1781 1255 1813 p.
1275 1773 1356 1813 3073
1381 1769 1563 1813 Bergkius
1582 1769 1617 1803 in
1637 1770 1794 1813 append.

316 1827 347 1862 h.
366 1828 386 1861 l.
414 1839 446 1871 p.
465 1831 526 1862 317
554 1832 590 1861 et
614 1838 736 1871 opusc.
755 1827 800 1869 ΙΙ,
819 1830 901 1870 4593
926 1826 1152 1870 Droysemoe,
1178 1826 1268 1859 Mus.
1292 1826 1404 1859 Rhen.
1424 1825 1472 1859 IV
1496 1836 1531 1868 p.
1549 1829 1590 1859 60
1605 1835 1702 1870 sqq.;
1728 1826 1794 1860 Co-

315 1884 422 1917 betus
449 1885 468 1917 l.
487 1894 517 1918 a.
543 1895 577 1927 p.
596 1888 654 1927 373
680 1883 873 1917 Luebkius
900 1884 920 1916 l.
938 1892 968 1917 a.
996 1893 1029 1926 p.
1049 1885 1103 1916 20.

429 1942 470 1983 16)
496 1940 569 1973 Iam
590 1940 790 1980 Dobreeus,
809 1940 829 1973 l.
848 1950 877 1973 a.
897 1939 931 1972 ΙΙ
951 1950 984 1983 p.
1001 1942 1075 1981 232,
1094 1939 1307 1973 dubitanter
1325 1938 1517 1982 proposuit
1535 1937 1646 1971 schol.
1662 1938 1758 1971 Eccl.
1776 1941 1789 1972 l

315 1996 399 2029 inde
423 2006 444 2029 a
469 1992 527 2029 διὰ
549 2016 592 2020 ῃ
616 1997 635 2030 l.
662 1999 702 2029 22
737 1996 783 2029 ad
808 2006 954 2030 versun]
982 1998 1022 2029 22
1054 2005 1136 2029 esse
1168 1994 1409 2036 referendum⁷
1445 1994 1543 2037 quod
1575 1996 1796 2037 receperunt
1828 2020 1830 2043 Α,

316 2052 501 2093 Goetzius,
527 2053 548 2085 l.
566 2062 596 2086 a.
622 2063 655 2095 p.
675 2055 750 2093 3ss2,
776 2054 811 2086 et
830 2051 1022 2093 Velsenus,
1048 2051 1069 2085 l.
1089 2060 1118 2084 a.
1145 2061 1179 2093 p.
1198 2053 1272 2084 396.
1322 2049 1392 2084 Sed
1418 2049 1600 2092 quomodo
1626 2049 1718 2083 illud
1735 2045 1794 2082 διὰ
1828 2059 1830 2092 j

319 2104 380 2148 τὰς
406 2104 558 2152 ἑταίρας
583 2108 629 2142 sit
653 2108 921 2152 explicandum,
948 2116 1067 2150 neque
1093 2107 1268 2141 Goetzius
1294 2105 1388 2140 vidit
1412 2116 1492 2139 cum
1519 2105 1662 2149 putavit
1686 2101 1745 2138 διὰ
1762 2116 1792 2138 τ.
1828 2104 1830 2111 ’

316 2159 344 2197 Ξ.
365 2160 392 2197 ε’.
419 2174 499 2198 esse
524 2164 685 2198 additum
712 2164 756 2198 ab
774 2163 896 2207 aliquo
922 2162 1130 2206 scholiasta,
1156 2165 1194 2195 ut
1212 2161 1405 2195 verborum
1423 2170 1555 2195 nexum
1573 2160 1793 2203 restitueret,

315 2229 431 2262 neque
452 2219 642 2261 Velsenus‚
668 2219 731 2263 qui
757 2224 887 2262 putare
913 2218 1059 2252 videtur
1085 2221 1168 2262 post
1192 2213 1213 2261 ἢ
1231 2219 1299 2251 τοῦ
1317 2213 1586 2260 Αικαιογένους
1612 2215 1795 2250 excidisse
1825 2252 1826 2261 χ

318 2270 337 2318 1¹)
366 2279 428 2309 τοῦ
448 2273 700 2320 Καλλιμάχου.
750 2275 862 2310 Immo
886 2276 921 2309 in
945 2272 1004 2309 διὰ
1029 2275 1117 2308 latet
1142 2276 1206 2316 δεῖ,
1245 2277 1285 2307 ut
1310 2272 1444 2307 habeas
1477 2273 1522 2306 ad
1549 2273 1677 2306 lemma
1700 2282 1733 2306 v.
1752 2274 1793 2306 23
1824 2264 1826 2303 ἓ

316 2333 372 2365 δεῖ
398 2329 461 2371 τὰς
487 2328 638 2376 ἑταίρας
663 2352 704 2356 -—
733 2327 1035 2376 ἐγκαθιζομένας
1067 2330 1309 2373 adscriptum:
1343 2325 1363 2362 ὃ
1396 2325 1493 2373 πρὸς
1517 2323 1626 2363 οὐδὲν
1657 2338 1677 2362 6
1703 2327 1794 2361 coni.
1824 2331 1825 2335 ’

315 2387 473 2421 Dobreei
499 2388 697 2421 seeundum
723 2387 836 2421 schol.
855 2384 926 2420 Av.
949 2390 1007 2421 168
1033 2380 1257 2429 (Σύμμαχος
1282 2382 1320 2419 δὲ
1339 2381 1435 2428 πρὸς
1454 2379 1563 2419 οὐδὲν
1589 2378 1611 2427 ἢ
1638 2375 1696 2417 ὅτι
1714 2409 1722 2417 .
1742 2409 1750 2417 .
1770 2383 1794 2424 .)

317 2437 421 2476 εἶπεν
447 2438 540 2476 ἀλλὰ
564 2440 683 2485 μόνον
709 2437 764 2476 ὅτι
795 2439 857 2483 τὰς
883 2438 1034 2486 ἑταίρας
1059 2443 1116 2475 δεῖ
1138 2452 1217 2481 πως
1241 2440 1281 2483 (i.
1300 2449 1329 2474 e.
1348 2439 1447 2483 quod
1467 2439 1555 2473 dicit
1572 2438 1672 2472 nullo
1690 2441 1792 2472 certo

316 2499 477 2540 consilio,
515 2499 579 2532 sed
613 2500 729 2533 solum
762 2508 911 2533 necesse
943 2508 1024 2532 esse
1057 2507 1119 2532 eas
1152 2497 1274 2540 aliquo
1304 2495 1411 2529 modo
1444 2495 1598 2536 sedere).
1652 2493 1795 2528 Deinde

316 2555 415 2597 quod
440 2554 559 2588 verbis
584 2555 865 2598 insequentibus
897 2551 1072 2599 βούλεται
1099 2551 1137 2588 δὲ
1174 2549 1294 2586 εἰπεῖν
1325 2544 1384 2585 ὅτι
1409 2548 1497 2591 τοὺς
1523 2546 1660 2595 ἄνδρας
1683 2561 1794 2595 προ-

316 2612 335 2643 λ
349 2606 474 2654 (ishun
488 2622 503 2643 ε
516 2622 535 2643 ν
562 2607 613 2650 εἰς
631 2607 698 2654 τὴν
718 2606 923 2653 ἐκκλησίαν
950 2613 1054 2654 putat
1072 2609 1248 2642 Goetzius
1267 2611 1392 2651 patere
1410 2606 1642 2640 scholiastam
1661 2606 1794 2649 legisse

317 2666 353 2698 in
386 2670 488 2699 textu
521 2667 635 2709 magis
668 2667 828 2709 genuino
862 2661 1104 2710 προτέρας
1138 2659 1466 2708 ἐγκαθεζομὲνας,
1504 2662 1673 2706 equidem
1702 2672 1794 2706 προ-

317 2723 336 2754 A
349 2719 475 2765 άβωμ
490 2734 504 2755 ε
520 2734 537 2755 ι’
563 2725 773 2765 corruptum
792 2732 873 2756 esse
891 2726 981 2765 puto
1006 2731 1025 2755 6
1043 2714 1321 2765 προλάθωμε
1334 2731 1353 2752 ν
1376 2717 1441 2760 (cf.
1458 2720 1594 2752 λαθεῖν
1616 2718 1652 2751 in
1671 2729 1705 2751 v.
1723 2719 1792 2759 23),

317 2781 357 2810 ut
382 2777 486 2810 aliam
513 2778 716 2821 lectionem,
742 2778 836 2812 sicut
860 2775 937 2811 fere
963 2785 1170 2820 numquam.
1196 2786 1242 2810 ne
1267 2775 1324 2809 hic
1341 2774 1485 2818 quidem
1506 2773 1675 2808 habuerit
1692 2773 1794 2807 scho-

318 2834 451 2865 liastes.
1570 2842 1573 2843 ⁷
