1830 3201
843 843 990 896 Pars
1025 844 1236 910 prima.

412 1006 520 1044 Inter
559 1005 780 1045 Zenodotos
826 1008 992 1056 primum
1034 1010 1141 1047 tenet
1181 1010 1308 1047 locum
1350 1009 1562 1059 Ephesius,
1609 1009 1658 1048 de
1701 1023 1780 1061 quo

299 1072 439 1112 Suidas
470 1085 498 1111 s.
518 1086 554 1111 v,
583 1067 834 1124 Ζηνόδοτος
866 1075 963 1113 haec
995 1076 1171 1114 exhibet:

412 1134 664 1192 Ζηνόδοτος
684 1131 886 1190 Ἐφέσιος,
914 1135 1127 1188 ἐποποιὸς
1149 1140 1221 1180 καὶ
1242 1135 1550 1194 γραμματικός,
1577 1138 1781 1196 μαθητὴς

298 1206 377 1245 τοῦ
407 1207 588 1259 Φιλητᾶ,
619 1204 692 1246 ἐπὶ
722 1207 1002 1260 Πτολεμαίου
1040 1205 1234 1261 γεγονώς
1264 1210 1347 1249 τοῦ
1378 1205 1584 1262 πρώτου·
1628 1202 1674 1257 ὃς
1706 1209 1780 1250 καὶ

296 1274 475 1326 πρῶτος
505 1275 598 1313 τῶν
625 1266 809 1328 Ὁμήρου
841 1270 1090 1330 διορθωτὴς
1127 1274 1299 1329 ἐγένετο
1339 1276 1408 1316 καὶ
1442 1278 1534 1317 τῶν
1564 1274 1611 1317 ἐν
1642 1270 1777 1329 Ἄλεξ-

297 1340 477 1396 ανδρεία
508 1343 814 1395 βιβλιοθηκῶν
845 1337 1045 1399 προῦστη
1076 1343 1151 1384 καὶ
1181 1341 1285 1387 τοὺς
1314 1343 1473 1393 παῖδας
1496 1344 1777 1398 Πτολεμαίου

296 1406 566 1450 ἐπαίδευσεν.

409 1480 559 1527 Quibus
601 1481 639 1518 in
680 1481 811 1520 verbis
855 1495 941 1520 cum
984 1482 1032 1520 de
1074 1483 1230 1521 nomine
1272 1482 1366 1520 nihil
1408 1483 1499 1521 insit
1538 1482 1781 1523 difficultatis

295 1546 401 1593 (nam
433 1551 599 1597 apparet
630 1549 872 1587 Zenodotum
904 1550 1009 1588 hune
1032 1549 1178 1598 Ephesi
1201 1552 1334 1588 natum
1366 1550 1629 1589 Alexandriae
1661 1550 1779 1589 domi-

296 1615 426 1653 cilium
459 1614 740 1666 constituisse)‚
771 1618 946 1667 quaestio
975 1618 1127 1656 exsistit
1155 1617 1394 1667 difficillima,
1425 1617 1518 1668 quid
1551 1630 1780 1657 censeamus

292 1683 341 1721 de
378 1686 508 1722 aetate
554 1683 787 1734 definienda,
828 1698 908 1734 qua
943 1686 981 1723 in
1021 1698 1063 1723 re
1099 1685 1208 1724 varie
1245 1686 1391 1724 versati
1427 1687 1519 1724 sunt
1558 1686 1629 1724 viri
1666 1685 1780 1724 docti.

291 1751 422 1800 Atque
466 1753 509 1789 ut
546 1751 688 1790 finibus
732 1764 848 1802 quam
888 1753 1175 1802 angustissimis
1216 1752 1538 1792 circumscribere
1581 1765 1779 1808 conemur,

291 1831 461 1867 quonam
483 1831 587 1858 anno
619 1820 667 1857 sit
696 1823 810 1858 natus
841 1820 1066 1859 Zenodotus
1094 1821 1291 1871 Ephesius
1324 1833 1482 1870 quoque
1515 1824 1678 1860 mortem
1711 1821 1776 1860 ob-

291 1886 390 1936 ierit,
421 1887 526 1925 haud
557 1887 607 1925 ad
630 1891 802 1926 nostram
826 1888 1128 1938 disputationem
1160 1889 1359 1938 pertinere
1389 1888 1622 1938 putavimus,
1655 1901 1771 1938 quam

291 1955 340 1992 ob
362 1967 442 1993 rem
475 1956 512 1993 in
544 1956 765 1994 un1versum
798 1969 876 2006 qua
907 1959 1035 1995 aetate
1067 1945 1310 1996 Zenodotum
1341 1958 1463 1996 vitam
1495 1956 1648 2006 degisse
1682 1957 1772 1995 mihi

291 2024 553 2071 persuaserim
586 2024 816 2073 exposuisse
847 2024 943 2062 satis
973 2024 1112 2063 habeo.

405 2091 577 2129 Veniunt
613 2095 743 2129 autem
786 2092 824 2129 in
864 2103 1021 2130 censum
1065 2094 1220 2141 praeter
1255 2091 1442 2130 Zenodoti
1484 2091 1625 2140 vitam,
1661 2104 1776 2141 quam

290 2158 410 2207 paulo
451 2170 573 2208 supra
609 2159 904 2208 adscripsimus,
946 2172 991 2197 ea
1031 2171 1132 2208 quae
1169 2159 1311 2198 Suidas
1349 2159 1430 2197 sive
1468 2158 1692 2207 Hesychius
1730 2159 1777 2197 de

288 2226 556 2275 Aristophane
592 2226 775 2264 tradidit:
824 2216 1136 2278 Ἀριστοφάνης
1174 2219 1419 2276 Βυζάντιος
1463 2216 1775 2276 γραμματικός,

288 2286 381 2337 υἱὸς
408 2283 618 2331 Άπελλοῖ
648 2282 895 2344 ἡγουμένου
927 2291 1226 2344 στρατιωτῶν,
1256 2282 1456 2344 μαθητὴς
1487 2287 1775 2343 Καλλιμάχου

287 2356 360 2397 καὶ
383 2354 653 2411 Ζηνοδότου,
687 2351 801 2398 ἄλλα
826 2360 906 2399 τοῦ
927 2358 1008 2411 μὲν
1028 2358 1138 2408 νέος,
1169 2359 1251 2399 τοῦ
1281 2357 1326 2398 δὲ
1353 2364 1456 2405 παῖς
1485 2352 1648 2410 ἤκουσε
1679 2358 1774 2398 κτλ.

400 2428 480 2465 Iam
518 2429 683 2477 primum
725 2428 995 2467 disserendum
1033 2431 1092 2467 est
1134 2428 1182 2467 de
1220 2429 1380 2467 notione
1419 2420 1630 2478 γεγονώς,
1672 2439 1774 2476 quae

287 2495 460 2533 occurrit
490 2495 529 2532 in
550 2496 631 2533 vita
660 2495 860 2534 Zenodoti.
921 2490 1071 2541 Quodsi
1103 2497 1264 2545 reputas
1296 2507 1392 2540 eum,
1424 2495 1491 2543 qui
1522 2493 1641 2531 vitam
1674 2505 1774 2532 eom-

285 2563 426 2611 posuit,
464 2563 714 2600 exhibentem
745 2558 818 2600 ἐπὶ
849 2558 1126 2612 Πτολεμαίου
1164 2554 1358 2612 γεγονώς
1396 2559 1476 2598 τοῦ
1511 2553 1697 2611 πρώτου
1735 2563 1774 2599 et

284 2630 426 2667 deinde
458 2620 563 2674 τοὺς
583 2626 742 2674 παῖδας
765 2626 1043 2678 Πτολεμαίου
1065 2624 1324 2667 ἐπαίδευσεν
1355 2631 1460 2667 certe
1493 2631 1662 2677 utroque
1685 2628 1771 2666 loco

284 2697 332 2735 dc
364 2698 745 2747 Ptolemaeoprimo
778 2697 1018 2747 cogitasse¹)‚
1061 2697 1220 2736 dubium
1252 2709 1339 2735 esse
1378 2710 1457 2735 non
1489 2698 1631 2746 potest,
1673 2696 1770 2745 quin

401 2806 427 2849 ¹)
452 2803 507 2840 Cf.
526 2804 684 2849 Gercke,
709 2802 951 2838 Alexandria.
970 2803 1086 2847 stud„
1112 2803 1239 2838 Rhein.
1258 2803 1350 2838 Mus.
1368 2802 1473 2837 XLII
1498 2813 1535 2848 p.
1552 2804 1615 2836 602
1641 2801 1725 2836 adn.
1743 2804 1775 2835 4.
