1815 3231
1470 181 1538 215 lul

65 284 198 322 Iliadis
232 285 344 322 istum
379 284 507 322 locum
543 284 712 322 imitatus
749 287 816 322 :tut
849 286 1102 335 neglcgmitcr
1142 288 1230 325 illud
1267 287 1395 339 ἴθι-μιῇ
1428 280 1541 325 «2171ss-

66 351 155 400 ζων
188 354 384 401 tamquam
419 351 624 389 formulam
655 351 911 401 deprompsit,
945 355 1169 402 pracsertim
1205 369 1288 393 cum
1323 357 1436 394 ctiam
1463 370 1541 393 νυγ-

65 431 132 457 sus
171 418 414 469 praecedens
443 429 469 468 χ
498 423 549 457 86
589 419 765 457 similiter
797 433 841 457 ac
872 420 909 456 ψ
940 424 1018 459 269
1058 425 1292 472 compositus
1331 429 1440 461 «essct.
1479 430 1542 462 aut

64 487 233 526 formula
264 487 329 525 illa
361 499 456 525 usus
490 488 686 525 notionem
712 488 819 525 verbi
853 490 1028 527 consulto
1062 491 1097 527 in
1124 492 1340 528 universam
1374 493 1541 530 mutavit.

174 555 232 590 II.
278 554 446 593 Verbum
481 567 567 592 cum
592 555 801 592 transitivo
823 558 1046 593 accusativo
1080 559 1317 596 construitur
1345 561 1541 596 ‹·:m.÷:uiv‹-.

70 621 110 661 'P‘
127 626 204 662 721.
240 612 334 660 ἄλλ)
358 612 429 659 ὅτε
464 612 515 673 δή
548 612 585 672 ῥ)
609 612 789 670 ἀνίαζον
822 617 1081 673 ἐυκιή’μιὸιις
1110 616 1304 673 silmas:
1357 627 1539 664 Nonnulli

64 690 238 728 homines
271 689 391 738 docti,
421 690 458 727 in
483 689 624 738 quibus
657 690 869 727 Passovius
903 691 937 727 in
969 692 1090 728 lexico
1113 705 1182 729 suo
1215 698 1252 729 ct
1284 694 1471 731 Ilcntzius
1505 695 1539 730 in

64 757 234 796 editione
267 757 550 795 nominativum
575 750 833 806 ἐυκνήμιδες
857 748 1022 806 Ἀχαιοί,
1053 771 1165 807 quem
1199 761 1416 808 complures
1439 761 1539 797 codi-

63 837 128 864 ces
160 825 347 863 exhibent
383 827 422 862 et
455 824 682 862 Eustathius
720 828 837 874 1326,
865 828 916 863 44
955 828 1142 875 agnoscit,
1179 828 1399 865 accusativo
1432 841 1540 876 prac-

63 882 252 931 tulerunt.
312 893 363 930 At
401 895 443 930 ut
474 892 782 941 praetermittam
824 893 913 931 huic
944 895 1161 942 scripturae
1202 896 1379 933 nmiorem
1413 900 1539 933 aut-to-

62 961 215 1000 ritatem
249 963 474 999 eeterorum
497 960 676 998 codicum
700 961 963 998 accusativum
988 962 1253 1009 praebentium
1287 967 1323 1000 ct
1354 963 1539 1003 scholia')

62 1028 277 1078 adversari,
307 1029 560 1066 accusativus
593 1028 876 1066 continuationi
910 1041 1034 1066 rerum
1069 1030 1392 1067 accommodatior
1425 1043 1536 1078 quam

63 1096 325 1136 nominativus
347 1108 433 1134 esse
456 1096 622 1134 videtur.
685 1096 838 1133 Etenim
871 1095 901 1133 si
934 1096 1031 1133 Aiax
1065 1101 1101 1134 ct
1133 1097 1278 1146 Ulixes,
1310 1099 1372 1146 qui
1406 1101 1538 1145 aperte

62 1165 175 1203 nimis
207 1164 273 1202 diu
306 1164 444 1202 luctati
477 1164 613 1202 oculos
645 1163 891 1202 Achaeorum
925 1164 1260 1213 langucfccerunt,
1299 1170 1339 1202 ut
1369 1165 1539 1202 subiecta

38 1232 110 1270 '‘ad
144 1221 325 1281 ἀνίαζον
357 1234 549 1281 spectant,
581 1243 696 1269 nemo
720 1243 797 1269 non
821 1231 1024 1280 intellegit,
1056 1244 1131 1280 qua
1154 1244 1194 1269 re
1217 1232 1312 1269 Aiax
1343 1237 1538 1280 permotus

61 1301 122 1346 sit,
164 1302 206 1338 ut
246 1299 400 1338 Ulixem
444 1299 494 1337 ad
537 1299 726 1337 luctatum
769 1299 979 1337 finiendum
1026 1299 1304 1336 cohortaretur.
1362 1298 1538 1336 Similiter

62 1367 105 1405 L.
127 1365 354 1416 Meyerus2)
386 1367 686 1416 interpretatur:
734 1365 820 1412 „dic
853 1366 1007 1404 Achaei·
1039 1366 1212 1415 qualten,
1243 1365 1355 1403 ihncn
1389 1366 1537 1414 Lange-

62 1434 171 1473 weile
193 1434 272 1472 und
290 1434 468 1472 Missmut
489 1434 786 1484 verursachten,
808 1433 984 1472 dadurch
1008 1433 1098 1471 dass
1120 1433 1173 1470 sic
1195 1433 1310 1479 (Aiax
1333 1436 1369 1470 et
1388 1432 1538 1477 Ulixes)

62 1503 171 1541 nicht
210 1501 329 1552 fertig
360 1501 546 1540 wurden“
592 1505 630 1540 et
670 1502 719 1540 ad
763 1502 863 1540 hanc
903 1502 1261 1552 interpretationem
1304 1500 1536 1538 fulciendam

62 1570 89 1618 ρ’
112 1572 189 1609 115
223 1572 261 1608 et
287 1581 312 1620 γ
338 1573 414 1609 117
447 1569 671 1608 adsimulat.

174 1635 220 1676 In
259 1638 544 1687 generaliorem
584 1638 659 1675 vim
699 1637 865 1675 vexandi
904 1636 1064 1674 verbum
1102 1648 1141 1673 sc
1179 1635 1371 1673 convertit
1408 1647 1429 1670 τ
1459 1637 1536 1673 323

22 1754 23 1757 ¹
62 1703 126 1756 τῷ
159 1695 197 1743 δ’
220 1696 388 1756 ἄλγιον,
420 1695 468 1751 ὅς
498 1716 575 1742 κεν
605 1699 786 1742 ἐκείνων
814 1700 818 1754 Ι
846 1702 1018 1741 τοῦτον
1049 1693 1201 1752 (Ξνιάζῃ
1232 1693 1534 1751 θϊμοιχθόρος.

62 1777 136 1814 Hic
168 1787 304 1813 versus
337 1773 543 1812 manifesto
582 1776 620 1811 et
658 1773 705 1810 ad
743 1773 859 1810 ictum
892 1772 1050 1810 Antinoi
1090 1774 1219 1820 (1462
1259 1774 1295 1807 et
1331 1770 1378 1807 ad
1420 1771 1535 1808 ictum

62 1843 300 1894 Eurymachi
337 1849 361 1880 σ
390 1844 470 1882 394
509 1844 671 1891 spectat.
730 1842 941 1878 Praeterea
978 1853 1024 1877 ex
1057 1839 1207 1876 adiecto
1247 1831 1538 1887 llrgzuqlhipog

19 1929 21 1932 ·
63 1913 188 1951 clucet
234 1913 306 1950 hoc
349 1912 513 1950 verbum
562 1910 609 1950 de
656 1922 819 1960 corpore
863 1908 1042 1946 vexando
1089 1905 1395 1955 intellegendum
1443 1918 1537 1944 csse.

62 1982 181 2020 Notio
212 1980 330 2019 taedii
361 1979 641 2030 subsequentis
673 1979 736 2016 hic
767 1977 885 2015 deest.

656 2133 694 2174 B.
740 2127 958 2185 μινύθω.

173 2225 355 2282 μινύθω
386 2243 512 2281 aeque
543 2242 588 2268 ac
621 2220 837 2277 φθινύθω
869 2228 907 2264 et
937 2220 1141 2273 φλεγέθω
1178 2237 1199 2261 a
1230 2223 1388 2261 Graecis
1419 2234 1536 2259 nova·

0 2324 4 2328 -
62 2303 142 2339 tum
188 2300 362 2349 pertinet
406 2298 635 2338 auctoribus
680 2296 812 2335 Curtio
859 2293 937 2331 ΕΗ)
974 2295 1070 2340 334,
1116 2287 1328 2329 Vanicekio
1369 2291 1537 2337 11675,

62 2367 220 2407 Fickio3
247 2368 295 2418 Π,
320 2369 399 2407 190
430 2367 480 2405 ad
509 2366 679 2404 radicem
708 2362 819 2409 „mi⁴·'.
880 2362 938 2399 Ex
960 2359 1090 2398 radice
1111 2370 1155 2408 μι
1188 2358 1367 2408 provenit
1399 2356 1534 2394 suffixo

62 2447 116 2473 νυ
147 2436 301 2474 adnexo
332 2425 476 2485 μινύω
515 2433 633 2483 (quae
671 2431 792 2470 forma
828 2421 969 2479 μινύω
1005 2427 1110 2476 apud
1147 2427 1424 2475 Hippocratem
1462 2427 1534 2460 tra-

62 2503 142 2542 dita
164 2515 250 2542 esse
272 2503 447 2551 videtur3
479 2499 694 2551 respondet
718 2490 860 2548 μινύω
883 2495 1002 2534 verbo
1026 2495 1163 2532 Latino
1190 2490 1399 2538 ‚minuo“).
1431 2491 1535 2540 quod

63 2563 204 2622 μινύω
235 2570 269 2608 θ
293 2582 466 2610 consona
495 2568 708 2608 accedente
741 2564 1015 2614 amplificatum
1038 2565 1106 2600 est.
1165 2560 1311 2599 Eodem
1344 2559 1456 2597 modo
1488 2571 1534 2596 cx

177 2691 204 2734 1)
235 2688 294 2725 Sic
318 2689 568 2724 accusativum
594 2684 829 2721 Aristonicus
855 2682 945 2727 legit
974 2681 1199 2724 verbumque
1225 2679 1382 2723 explicat
1407 2676 1535 2712 transi-

64 2747 197 2783 tivum:
224 2741 307 2781 ἀντὶ
332 2748 398 2780 τοῦ
425 2739 478 2786 εἷς
504 2740 611 2779 ἀνίαν
638 2737 728 2787 ἦγον
753 2738 815 2775 καὶ
843 2735 1045 2784 ἐχρόνιζον.

177 2804 206 2845 2)
239 2802 283 2837 K.
301 2801 337 2836 z.
355 2800 455 2846 XVI,
473 2804 502 2837 6.
