1815 3231
1451 198 1524 230 1:·‚¹.·

54 291 124 330 dos
156 303 241 330 esse
278 292 491 331 arbitratus
523 297 593 343 est,
633 296 703 332 etsi
735 297 788 332 sic
820 310 976 346 quoque
1017 300 1106 336 locis¹
1140 303 1334 339 nonnullis
1368 304 1413 339 :ul
1449 317 1523 340 inu·

51 360 220 398 tationes
250 359 470 409 scripturae
494 362 660 400 traditae
694 364 997 411 conl'ugiomlum
1023 380 1105 404 esso
1139 370 1218 416 ipse
1252 372 1453 408 voncessit.
1476 392 1508 395 -—

53 427 179 477 Supra
215 427 386 476 probare
425 428 645 467 studuimus
685 431 721 468 in
756 433 831 469 vita
870 434 1053 471 Zenodoti
1088 436 1340 474 Alexandrini
1379 439 1466 474 ind(-
1506 453 1525 474 :i

53 495 172 533 verbo
197 489 359 545 ἔγραψε
388 497 537 534 initium
561 510 703 546 capere
725 499 908 537 librorum
933 502 1117 550 tabula1n3
1151 505 1252 551 quod
1287 518 1370 542 euin
1404 519 1526 554 aequi·

53 562 299 602 Schraderus
337 566 550 613 censuerit,
601 566 671 611 „ab
711 579 827 614 opere
865 565 959 617 :rr-0}
1001 568 1252 619 ormst‘):l‹<-·.
1300 573 1399 621 quod
1442 579 1525 621 post

54 623 218 681 ἔγραψε
250 631 344 669 illud
377 633 553 671 secundo
578 633 662 671 loco
695 640 1029 683 commemoratur,
1061 639 1169 685 quasi
1203 652 1224 675 a
1253 645 1356 677 ‹wrto
1386 641 1524 678 funda-

54 701 184 737 mento
222 698 448 749 p1·ofectus“
496 704 614 738 totam
663 714 822 751 operum
865 706 1206 753 enumerationem,
1250 720 1362 755 quani
1407 720 1525 756 supra

54 767 267 816 posuimus,
303 768 341 805 in
378 767 638 818 Zenodorum‚
676 770 784 807 cuius
824 784 963 808 nomen
1002 772 1239 810 librariorum
1279 776 1524 823 neglegentia

54 834 309 881 interciderit,
351 837 563 874 convenire
604 837 709 875 dixit.
770 838 894 885 Quam
928 840 1199 881 coniecturam.
1241 843 1309 879 etsi
1337 844 1527 888 saga‹·it‹·1·

55 904 113 940 est
140 903 375 953 excogitata,
407 906 511 942 stare
543 917 620 943 non
653 917 767 954 posse
799 906 1005 944 contendo.
1059 909 1229 945 Vertitur
1251 913 1376 946 autem
1410 910 1526 947 cardo

54 970 110 1008 rei
140 971 178 1008 in
211 983 269 1019 eo,
301 974 344 1009 ut
374 973 604 1011 testimoniis
633 973 882 1012 confirmetur
912 975 1107 1021 libroruin,
1139 977 1202 1024 qui
1236 982 1389 1024 praeter
1421 978 1525 1014 illuni

54 1034 155 1088 περὶ
191 1037 267 1090 τῆς
298 1028 524 1092 Ὁμηρικῆς
560 1038 797 1092 συιήθέίας
834 1042 871 1079 in
912 1043 1088 1091 catalogo
1127 1044 1372 1092 IIesyeliiano
1413 1046 1528 1082 nomi-

56 1109 210 1153 nantur,
250 1111 450 1146 auctorem
492 1108 612 1147 fuisse
655 1109 911 1147 Zenodorum.
981 1112 1065 1157 Qua
1102 1111 1147 1148 de
1185 1124 1225 1148 re
1267 1116 1307 1149 ut
1346 1112 1526 1149 iudicium

55 1173 140 1212 fieri
171 1175 307 1225 possit,
338 1180 429 1214 ante
459 1177 590 1214 omnia
622 1178 797 1226 quaestio
831 1177 878 1215 de
901 1181 1041 1216 natura
1073 1182 1111 1216 et
1143 1179 1270 1217 indole
1303 1180 1388 1217 libri
1413 1181 1528 1217 Zeno-

23 1242 162 1281 ⁴dorei
198 1239 300 1293 περὶ
336 1241 412 1294 τῆς
443 1232 672 1294 Ὁμηρικῆς
711 1242 947 1295 συνηθείας
985 1247 1232 1295 suscipienda
1270 1250 1335 1284 est.
1374 1252 1414 1284 ut
1446 1261 1527 1295 pcr-

55 1311 307 1361 vestigemus,
344 1324 537 1361 quaenam
571 1313 719 1351 scholia
750 1313 821 1350 sub
853 1313 1042 1351 Zenodori
1077 1315 1229 1352 nomine
1262 1314 1401 1351 tradita
1441 1315 1528 1351 huic

56 1379 157 1417 libro
189 1380 381 1429 assignari
413 1381 575 1430 possint.
637 1382 715 1419 Iam
739 1393 832 1419 vero
864 1394 905 1419 se
936 1383 1049 1419 offert
1079 1382 1171 1419 illud
1205 1383 1377 1419 scholion
1410 1382 1457 1419 ad
1491 1383 1530 1419 ll.

57 1454 82 1484 σ
110 1449 204 1498 356,
240 1447 345 1486 unde
382 1451 547 1497 apparet
584 1448 830 1487 Zenodorum
871 1448 1189 1487 consuetudinem
1233 1453 1269 1485 et
1309 1461 1416 1486 usum
1455 1450 1530 1486 110-

57 1516 154 1553 meri
185 1515 232 1553 ab
255 1516 358 1554 omni
379 1515 527 1566 parte¹)
557 1516 765 1555 tractanda
796 1517 866 1554 sibi
899 1517 1162 1565 proposuisse.
1222 1516 1334 1563 Quod
1358 1517 1385 1553 si
1409 1519 1531 1564 tenes,

58 1583 173 1622 facile
204 1583 254 1622 ad
287 1584 390 1622 hanc
421 1585 786 1623 commentationem
820 1584 967 1622 referes
1003 1584 1148 1622 scholia
1179 1584 1225 1621 ad
1258 1584 1325 1622 Od.
1354 1595 1379 1619 κ
1405 1584 1531 1627 1242).

58 1652 107 1690 ad
139 1653 182 1690 ll.
204 1659 228 1689 6
250 1655 300 1691 22
312 1648 357 1702 3),
386 1665 448 1702 ap.
470 1653 598 1702 Apoll.
620 1652 737 1702 Soph.
765 1664 792 1690 s.
816 1665 850 1689 v.
879 1650 1101 1701 grfiotgtffl),
1134 1652 1251 1689 schol.
1272 1651 1320 1688 ad
1342 1652 1383 1689 Il.
1407 1664 1429 1700 (ι
1454 1654 1531 1689 262:

59 1719 129 1767 (=
157 1721 279 1758 scliol.
306 1721 355 1758 ad
385 1720 456 1759 Od.
487 1717 512 1757 ὁ
538 1720 647 1767 477).
707 1721 758 1757 At
795 1732 955 1768 prorsus
993 1719 1204 1757 abhorrent
1239 1731 1260 1755 a
1298 1718 1382 1755 libri
1420 1730 1533 1767 argu-

59 1790 206 1837 mento,
232 1789 351 1838 quale
376 1788 487 1827 nobis
509 1788 701 1835 finximus,
731 1790 927 1836 excerpta,
956 1799 1054 1835 quae
1077 1787 1233 1824 exhibet
1263 1786 1346 1823 cod.
1367 1785 1532 1822 Athous:

62 1869 150 1895 nam
183 1856 245 1894 hic
276 1857 378 1895 inter
408 1868 449 1895 se
481 1859 739 1906 opponuntur
776 1856 874 1892 ratio
906 1854 1090 1903 loquendi
1122 1854 1293 1901 vulgaris
1326 1856 1363 1890 et-
1394 1854 1533 1890 Home—

60 1925 160 1969 rica3
191 1924 314 1963 habes
334 1925 436 1963 enim
459 1924 507 1962 ab
529 1924 651 1962 altera
672 1926 782 1973 parte
806 1915 1025 1972 συνήθως,
1047 1914 1156 1957 κατὰ
1177 1911 1257 1970 τὴν
1280 1911 1534 1969 συνήθειαν.

176 2079 204 2121 ¹)
235 2076 345 2112 Varie
379 2077 424 2112 de
454 2079 668 2121 argumento
700 2076 953 2110 iudicaverunt
984 2073 1053 2107 viri
1087 2073 1194 2115 docti,
1231 2082 1322 2116 quae
1356 2071 1535 2105 dissensio

61 2133 217 2168 maxime
242 2143 288 2168 ex
312 2134 499 2168 nominum
523 2131 699 2166 Zenodori
725 2135 761 2165 et
786 2129 962 2165 Zenodoti
988 2127 1202 2162 confusione
1232 2132 1316 2160 nata
1341 2130 1411 2169 est3
1444 2130 1533 2160 cete-

61 2200 139 2224 rum
159 2190 205 2225 dc
226 2190 403 2225 orationis
419 2189 707 2234 proprietatibus
728 2188 984 2231 cogitaverunt
1008 2184 1109 2219 Wolf
1130 2184 1150 2217 1.
1169 2184 1190 2217 l.
1209 2194 1242 2227 p.
1262 2187 1338 2226 1973
1364 2180 1536 2215 Grraefen-

63 2246 135 2281 han
161 2247 184 2282 1.
202 2257 231 2282 c.
248 2247 265 2281 Ι
289 2258 324 2292 p.
343 2250 424 2291 5033
449 2246 566 2280 Miller
591 2246 611 2281 l.
631 2256 658 2280 c.
683 2256 717 2289 p.
736 2248 817 2286 4093
843 2239 1048 2286 συνήθειαν
1065 2241 1236 2284 ampliore
1255 2249 1366 2274 sensu
1384 2238 1537 2281 explica-

8 2335 12 2338 .
63 2306 137 2337 tam
162 2303 279 2338 fuisse
311 2304 516 2338 docuerunt
551 2301 722 2336 Muetzell
752 2301 774 2334 l.
798 2310 826 2334 c.
853 2310 887 2343 p.
915 2301 994 2341 2323
1032 2297 1218 2331 Duentzer
1248 2306 1282 2339 p.
1307 2297 1365 2337 273
1404 2294 1536 2333 Osann,

63 2358 297 2394 Anecdotum
324 2360 525 2394 Romanum
550 2359 630 2404 §34
655 2369 689 2401 p.
710 2360 789 2398 1163
815 2354 1013 2390 Schneider
1037 2364 1089 2387 nr.
1109 2355 1182 2386 213.

176 2417 206 2459 2)
236 2412 404 2460 κατέστη
429 2410 524 2450 ἴδιον
548 2415 569 2449 i.
588 2425 618 2449 e.
644 2413 842 2448 abhorrens
868 2421 888 2444 a
913 2408 1190 2450 consuetudine,
1215 2407 1404 2450 peculiare.

177 2475 207 2515 8)
240 2469 386 2517 συνήθη
419 2474 552 2507 ταῦτα.
592 2471 648 2505 De
672 2470 785 2504 forma
817 2467 943 2502 scholii
977 2465 1073 2499 infra
1105 2468 1243 2508 agetur.
1290 2461 1452 2496 Indidem
1486 2470 1538 2494 re-

65 2529 175 2573 petiit
198 2528 314 2564 Lehrs
345 2529 367 2564 1.
391 2529 413 2564 l.
439 2540 474 2572 p.
494 2531 569 2563 199.
623 2525 838 2561 Assentitur
869 2522 1080 2556 Ludovicus
1105 2519 1241 2564 Leyde,
1272 2518 1325 2552 De
1351 2516 1538 2561 Apollonii

66 2584 261 2630 Sophistae
286 2584 405 2619 lexico
430 2583 633 2618 Homerico.
670 2581 768 2616 Diss.
785 2580 885 2623 Lips.
906 2581 1002 2619 1885,
1038 2588 1071 2621 p.
1092 2579 1144 2610 23.

179 2643 208 2684 ⁴)
239 2640 441 2683 Duentzer,
467 2651 503 2684 p.
521 2643 562 2674 27
588 2639 671 2673 adn.
690 2642 720 2681 S,
746 2636 812 2670 hoc
837 2636 916 2669 loco
947 2643 1013 2677 pro
1041 2629 1260 2676 Ζηνόδωρος
1289 2629 1442 2664 scribere
1467 2638 1537 2660 ma<

66 2698 148 2732 vult
164 2691 402 2742 Ἡλιόδωρος,
428 2696 528 2740 quod
553 2695 677 2740 Apion
704 2696 740 2728 et
764 2690 983 2726 Heliodorus
1010 2689 1156 2732 saepius
1173 2688 1273 2721 iuxta
1290 2688 1471 2729 ponantur
1496 2683 1539 2717 ab

68 2753 282 2798 Apollonio,
313 2753 386 2788 sed·
412 2756 511 2788 recte
537 2751 716 2786 Schrader
748 2760 782 2793 p.
801 2751 865 2782 430
897 2746 1033 2780 dixisse
1065 2744 1149 2778 mihi
1174 2742 1318 2776 videtur
1351 2750 1423 2775 non
1449 2749 1540 2781 esse,

68 2819 131 2844 cur
156 2809 202 2845 de
227 2808 436 2854 corruptela
461 2807 674 2853 cogitemus.

1282 2860 1341 2897 10*
