1830 3201
292 162 370 198 114

400 273 541 311 Paucis
577 273 738 323 reliquis
776 274 882 323 locis,
922 274 1064 323 quibus
1103 274 1266 312 verbum
1308 277 1464 323 praeter
1499 276 1604 313 locos
1649 275 1763 314 modo

287 338 467 377 laudatos
503 340 607 389 apud
646 341 744 378 alios
781 341 994 390 scriptores
1031 345 1174 391 exstat,
1209 342 1344 380 eadem
1382 343 1549 380 recurrit
1587 343 1766 381 intransi-

289 407 368 444 tiva
399 407 470 445 vis.

893 495 933 536 2.
979 494 1161 549 δίεμαι.

400 588 486 626 Hoc
508 588 674 626 medium
706 590 878 638 pertinet
904 589 953 627 ad
975 590 1145 628 activum
1169 582 1299 640 δίημι,
1330 590 1440 628 cuius
1461 602 1578 628 unam
1601 590 1764 629 formam

286 648 486 692 ἐνδίεσαν
508 657 713 694 transitiva
736 658 894 695 notione
916 657 1104 695 incitandi
1127 658 1353 696 instructam
1377 658 1571 696 Homerus
1592 658 1767 708 praebet.

287 725 346 761 Ex
377 724 506 761 activo
538 720 619 761 δία)
650 724 753 762 haud
777 725 895 763 dubie
926 738 972 763 ex
996 725 1129 763 eadem
1151 725 1284 763 radice
1316 738 1393 775 qua
1424 722 1542 777 δίημι
1572 729 1765 775 prognato

286 791 414 828 elucet
453 791 575 829 radici
614 793 690 829 vim
729 791 1056 838 intransitivam1)
1093 792 1269 841 fugiendi
1306 794 1370 831 vel
1408 793 1593 833 currendi
1634 794 1767 843 fuisse,

286 870 387 906 quae
411 858 469 896 vis
500 859 538 896 in
572 860 692 897 verbo
725 855 816 908 dico,
847 863 890 897 ut
921 861 993 897 iam
1026 861 1222 898 Homerus
1254 860 1382 910 docet,
1411 861 1450 899 in
1481 862 1764 911 generaliorem

284 925 443 963 timendi
476 927 672 964 notionem
705 927 872 964 transiit.
932 928 1031 965 Nam
1060 928 1178 966 semel
1200 931 1348 966 tantum
1378 926 1517 968 X251
1549 924 1643 978 τρὶς
1665 924 1762 978 περὶ

286 984 394 1029 ἄστυ
424 988 533 1043 μέγα
565 987 769 1043 Πριάμου
802 990 899 1031 δίον
931 998 1085 1033 vetusta
1116 995 1300 1033 currendi
1332 997 1439 1034 notio
1478 999 1672 1045 servatur,
1707 1008 1765 1034 re-

284 1060 402 1109 liquis
434 1064 563 1099 autem
596 1062 694 1099 locis
725 1063 832 1100 notio
863 1063 1025 1100 timendi
1058 1064 1131 1100 iam
1165 1066 1315 1111 regnat.

396 1129 540 1177 Magna
557 1142 650 1167 vero
670 1129 860 1167 dissensio
879 1133 938 1168 est
953 1130 1056 1168 inter
1075 1131 1376 1181 lexicographos
1398 1144 1442 1170 eo
1457 1132 1638 1181 excitata,
1660 1131 1766 1181 quod

285 1196 390 1244 apud
410 1196 522 1233 Hom.
545 1196 692 1234 formae
711 1197 826 1234 medii
845 1192 984 1247 δίεμαι
1007 1197 1196 1236 confusae
1219 1210 1305 1237 esse
1322 1199 1506 1237 videntur
1528 1212 1614 1237 cum
1632 1198 1765 1237 formis

284 1263 399 1300 medii
418 1259 576 1313 διὀμαι.
620 1264 850 1313 Ebelingius
872 1265 1000 1314 igitur,
1023 1278 1109 1303 cum
1132 1273 1169 1304 et
1187 1266 1422 1304 indicativus
1441 1267 1658 1316 praesentis
1681 1263 1765 1303 δίο-

281 1342 353 1379 μαι
380 1334 417 1368 et
439 1331 707 1381 imperfectum
732 1325 910 1382 ἐδιόμηυ
932 1333 979 1370 ab
999 1334 1170 1372 Homero
1193 1334 1333 1383 absint,
1356 1334 1501 1373 formas
1524 1334 1765 1372 coniunctivi

283 1394 437 1447 δίωμαι
470 1401 508 1436 et
529 1400 691 1448 optativi
716 1395 901 1450 διοίμηυ,
933 1396 1046 1437 δίοιο
1070 1405 1142 1439 etc.
1166 1402 1272 1451 apud
1296 1402 1506 1440 Homerum
1530 1403 1665 1440 obvias
1693 1414 1764 1450 pro

282 1465 418 1503 formis
450 1466 564 1504 medii
598 1462 751 1516 δίεμαι,
783 1480 861 1505 non
894 1463 1040 1517 δίομαι
1074 1468 1200 1507 habet.
1260 1469 1315 1506 llli
1339 1469 1442 1507 modi
1474 1482 1520 1507 ex
1543 1481 1650 1507 more
1671 1469 1764 1507 alio-

281 1546 367 1571 rum
389 1534 600 1572 verborum
632 1535 669 1572 in
698 1545 760 1584 -μι
792 1536 1030 1585 exeuntium,
1061 1548 1226 1583 quorum
1260 1537 1501 1575 conjunctivi
1533 1540 1571 1575 et
1602 1537 1765 1586 optativi

282 1609 487 1640 accentum
513 1615 591 1640 non
613 1602 652 1640 iu
675 1603 928 1652 paenultima,
958 1603 1025 1641 sed
1054 1604 1092 1641 in
1115 1605 1451 1654 antepaenultima
1473 1605 1628 1654 syllaba
1650 1605 1765 1643 collo-

282 1672 374 1707 cant
406 1667 652 1718 (Ebelingius
684 1674 821 1719 aperte
853 1671 1000 1719 cogitat
1031 1671 1078 1709 de
1100 1673 1312 1710 notissimis
1336 1673 1464 1711 verbis
1493 1665 1667 1723 ἄγαμαι,
1695 1665 1764 1710 δυ’-

282 1748 427 1786 ι·αμαι,
450 1732 693 1787 ἐπίσταμαι,
716 1734 958 1788 κρέμαμαι),
991 1738 1070 1776 ficti
1093 1751 1177 1777 esse
1200 1741 1232 1777 ei
1256 1740 1449 1778 videntur.
1505 1741 1606 1778 Huic
1633 1743 1763 1778 tamen

280 1805 496 1842 sententiae
537 1806 703 1844 maxime
734 1808 931 1855 repugnat
968 1806 1093 1844 forma
1123 1808 1287 1856 optativi
1319 1804 1505 1859 διοίμην,
1538 1804 1670 1857 διὀιο;
1709 1811 1761 1846 et-

280 1873 381 1910 enim
413 1876 664 1922 exspectares
698 1885 718 1911 e
750 1874 872 1922 stirpe
905 1870 980 1923 διέ,
1011 1887 1113 1923 quae
1144 1875 1278 1912 subest
1308 1875 1434 1913 medio
1466 1871 1619 1925 δίεμαι,
1652 1877 1761 1924 opta-

278 1940 400 1978 tivum
433 1936 601 1990 διείμην
632 1953 738 1979 more
771 1942 1035 1991 optativorum
1058 1938 1264 1994 τιθείμην
1299 1946 1337 1981 et
1358 1937 1499 1994 ἱείμην
1529 1955 1549 1981 e
1577 1942 1764 1992 stirpibus

279 2005 393 2052 τιθε,
423 2000 460 2043 ἱε
491 2008 712 2055 genitorum
746 2007 953 2046 formatum
986 2020 1081 2047 esse.

393 2074 593 2119 Curtius2)
631 2078 669 2112 et
699 2075 842 2113 formas
873 2076 966 2113 istas
998 2076 1227 2115 Homericas
1263 2076 1572 2123 (coniunctivum
1605 2072 1763 2126 δίωμαι

280 2144 399 2190 atque
431 2143 650 2190 optativum
683 2138 869 2194 διοίμην,
902 2140 1034 2190 δίοιο)
1075 2147 1113 2182 et
1142 2145 1392 2194 participium
1424 2137 1624 2194 διόμευος
1655 2143 1761 2194 apud

278 2210 520 2257 Aeschylum
551 2210 789 2259 aliquotiens
812 2211 968 2249 obvium
1001 2211 1092 2249 inde
1121 2212 1333 2260 explanare
1364 2211 1508 2260 studet,
1539 2211 1643 2261 quod
1677 2224 1761 2250 ver-

278 2276 368 2314 bum
402 2272 543 2326 δίεμαι
574 2289 622 2315 ex
654 2290 700 2316 ea
721 2278 997 2325 declinatione,
1029 2279 1068 2317 in
1100 2292 1178 2329 qua
1209 2279 1352 2318 suffixa
1383 2279 1561 2318 verbalia
1592 2279 1674 2318 sine
1697 2291 1764 2317 vo-

279 2344 351 2381 cali
383 2345 634 2383 coniunctiva
665 2358 781 2395 quam
811 2349 954 2384 vocant
985 2346 1032 2384 ad
1061 2348 1221 2397 stirpem
1250 2347 1448 2385 verbalem
1481 2346 1763 2396 adiunguntur,

279 2414 569 2460 transgressum
601 2413 651 2450 sit
687 2414 727 2451 in
758 2425 843 2451 eam
875 2413 1187 2463 declinationem,
1222 2414 1261 2452 in
1292 2426 1371 2463 qua
1403 2413 1547 2452 suffixa
1578 2425 1664 2451 cum
1694 2425 1761 2451 vo-

276 2480 351 2518 cali
383 2480 636 2518 coniunctiva
666 2480 715 2518 ad
747 2481 908 2530 stirpem
940 2481 1217 2520 adnectuntur.

390 2611 418 2652 ¹)
455 2608 511 2644 Cf.
538 2609 638 2644 Curt.
663 2610 737 2643 Et.⁵
762 2613 845 2655 2363
881 2612 920 2645 L.
947 2610 1092 2655 Meyer„
1118 2610 1191 2654 ng
1215 2610 1292 2645 Gr.2
1318 2609 1344 2653 I,
1368 2613 1442 2645 642.
1490 2610 1628 2644 Eadem
1659 2609 1759 2642 notio

273 2665 310 2698 in
320 2665 513 2699 transitiva
536 2665 632 2699 inest
656 2665 694 2698 in
718 2665 840 2699 radice
865 2665 1087 2700 Sanscritica
1113 2666 1191 2706 ‚‚di⁶‘
1216 2665 1439 2709 (,‚festinare‚
1466 2666 1638 2709 volare“),
1663 2673 1758 2709 quae

273 2730 357 2755 cum
383 2720 505 2755 verbis
531 2721 603 2755 illis
629 2720 780 2754 Graecis
807 2725 1049 2765 comparatur.

394 2778 423 2817 2)
458 2774 581 2811 Veri».²
602 2775 630 2819 I,
652 2778 729 2820 1793
754 2775 801 2818 ΙΙ,
824 2780 896 2811 lor.
