1830 3201
302 197 381 234 110

299 310 467 345 mentum
500 306 703 356 significat,
740 306 807 345 sed
840 308 960 345 malas
996 308 1079 346 sive
1110 309 1302 358 maxillas,
1337 321 1438 358 quae
1476 321 1655 358 magnam
1687 321 1773 359 par-

297 378 372 412 tem
405 386 594 424 genarum
627 373 810 412 efficiunt.

809 493 851 536 4.
897 490 1258 548 κατακρύπτω.

411 588 496 625 Hoc
527 586 703 633 verbum,
734 588 887 625 tametsi
919 588 982 625 alii
1005 587 1259 637 etymologi1)
1291 588 1403 626 aliam
1435 587 1483 626 ad
1515 587 1686 627 radicem
1718 601 1776 627 re-

299 657 553 704 vocaverunt,
584 658 727 694 natura
759 666 843 693 esse
875 655 1119 693 transitivum
1151 655 1331 704 plerique
1362 656 1586 694 concinunt.

412 734 478 772 Bis
510 737 637 772 tamen
670 734 951 784 lexicographi,
983 738 1026 772 ut
1046 735 1258 773 Passovius
1284 739 1321 773 et
1343 735 1499 784 Papius,
1531 735 1690 774 verbum
1723 735 1777 774 in-

300 802 505 841 transitive
537 814 622 840 esse
653 803 825 852 positum
857 805 1019 840 censent
1050 802 1166 851 idque
1198 803 1234 840 in
1267 801 1457 851 Odyssea.

412 878 434 918 ὀ
465 885 543 920 247
577 873 697 932 ἄλλῳ
728 871 766 917 δ’
789 873 927 918 αὐτὸν
963 877 1079 930 φωτὶ
1116 875 1443 931 κατακρύπτων
1480 872 1645 932 ἤισκεν.
1706 883 1779 920 Hic
1829 917 1830 923 ,

299 949 524 986 iamdudum
558 950 605 987 ab
639 949 918 999 interpretibus
940 949 1157 987 Homericis
1189 938 1368 996 av'tdffl)
1400 953 1443 987 ut
1474 962 1688 998 pronomen
1721 962 1780 987 re·
1829 958 1830 986 i

300 1017 482 1054 flexivum
522 1029 599 1053 non
632 1015 747 1054 modo
785 1016 833 1053 ad
865 1016 1031 1054 verbum
1063 1016 1225 1063 finitum,
1265 1029 1400 1054 verum
1432 1017 1544 1055 etiam
1582 1017 1631 1054 ad
1664 1018 1780 1066 parti-

300 1085 441 1134 cipium
475 1085 638 1122 relatum
672 1087 741 1121 est.
800 1084 862 1123 Sic
899 1084 972 1121 iam
1006 1087 1111 1122 recte
1149 1084 1267 1122 schol.
1296 1085 1327 1122 E
1364 1085 1646 1133 interpretatur
1684 1075 1781 1122 ἀντὶ

300 1151 381 1189 τοῦ
422 1146 750 1201 κατακρύπτων
789 1144 948 1189 ἑαυτὸν
988 1140 1227 1201 ὦμοιοῦτο.
1291 1152 1471 1191 Ceterum
1512 1153 1578 1191 ille
1614 1153 1723 1190 locus
1760 1165 1782 1190 a

302 1221 446 1258 criticis
483 1221 519 1258 in
559 1220 873 1270 interpolationis
911 1219 1173 1269 suspicionem
1215 1222 1379 1257 vocatus
1418 1222 1491 1265 est3
1539 1219 1586 1259 cf.
1623 1220 1782 1258 Ameisii

301 1301 389 1337 app.
420 1288 469 1325 ad
502 1284 528 1325 ὁ
557 1290 651 1327 246.

415 1356 496 1393 Iam
536 1368 632 1393 vero
677 1355 791 1393 iidem
834 1355 1102 1405 lexicographi
1149 1348 1451 1405 κατακρύπτει)
1493 1354 1782 1393 intransitivum

302 1423 547 1473 interpretati
579 1426 669 1461 sunt
698 1435 723 1473 η
747 1425 826 1461 205
858 1417 894 1459 εἰ
926 1411 963 1459 δ’
985 1414 1067 1472 ἄρα
1099 1434 1163 1467 τις
1194 1418 1265 1459 καὶ
1296 1420 1463 1472 μοῦνος
1494 1415 1574 1459 ἰών
1600 1415 1785 1473 ξύμβλη-

304 1503 373 1528 ται
412 1480 578 1541 ὁδίτης,
605 1486 609 1539 1
638 1482 691 1527 οὔ
720 1502 760 1527 τι
799 1483 1191 1540 κατακρύπτουσιν
1228 1493 1426 1528 vertentes
1468 1502 1534 1536 „so
1565 1490 1784 1539 verbergen

304 1559 359 1596 sie
391 1557 472 1595 sich
514 1558 711 1595 durchaus
748 1557 894 1595 nicht“.
954 1557 1030 1596 Sed
1067 1557 1130 1595 hic
1166 1569 1324 1606 quoque
1359 1557 1422 1595 alii
1462 1558 1707 1607 interpretes,
1744 1559 1786 1595 ut

305 1626 589 1663 intransitivam
628 1626 824 1663 notionem
862 1628 1122 1670 removerent,
1160 1637 1300 1663 novam
1339 1624 1561 1673 explicandi
1592 1624 1694 1662 viam
1731 1625 1785 1662 in-

305 1695 444 1732 ierunt.
502 1693 566 1732 Sic
597 1694 804 1742 Kayserus
841 1694 880 1730 in
914 1693 972 1730 cd.
1000 1694 1112 1731 Faes.
1143 1690 1183 1730 τὶ
1220 1706 1291 1742 pro
1326 1693 1531 1731 transitivo
1563 1692 1786 1731 accusativo

305 1762 430 1811 accipi
451 1761 537 1798 vult
567 1761 761 1798 adnotans
797 1761 875 1806 „sic
898 1761 1116 1809 verbergen
1149 1760 1288 1807 nichts‚
1319 1760 1541 1810 allgemein‚
1572 1761 1654 1799 also
1686 1759 1786 1798 auch

306 1830 388 1867 ihre
420 1829 570 1867 Gestalt
607 1828 754 1876 nicht“,
791 1841 906 1877 quam
948 1828 1311 1878 interpretationem
1350 1828 1582 1877 Ebelingius
1619 1828 1787 1876 probare

306 1897 472 1934 videtur.
532 1896 602 1935 Cui
627 1897 847 1934 sententiae
880 1896 1094 1945 compluria
1126 1896 1372 1934 obnituntur:
1405 1896 1571 1945 primum
1603 1897 1787 1945 reputan-

307 1965 396 2002 dum
430 1966 489 2002 est
520 1963 710 2002 eiusmodi
742 1963 953 2001 dictionem
991 1963 1076 2008 „dei
1106 1963 1201 2000 nihil
1224 1963 1422 2001 occultant
1453 1962 1519 2009 (ne
1541 1963 1686 2001 formas
1707 1963 1788 2012 qui-

307 2032 394 2070 dem
433 2030 645 2081 figurasve)
684 2032 721 2069 in
760 2032 959 2081 ingenium
997 2044 1043 2069 ac
1072 2043 1198 2069 mores
1230 2031 1439 2076 hominum,
1480 2042 1580 2080 quos
1612 2031 1789 2080 depingit

310 2093 579 2149 nobis'poeta,
619 2112 696 2137 non
730 2100 961 2144 convenire;
1004 2100 1145 2137 etenim
1184 2099 1373 2137 eiusmodi
1405 2100 1550 2137 locutio
1588 2101 1646 2136 est
1677 2099 1789 2136 nimis

308 2167 517 2205 artificiosa
554 2178 773 2216 parumque
806 2166 978 2204 definita.
1036 2167 1246 2204 Praeterea
1283 2166 1320 2203 in
1352 2165 1628 2204 coniunctione
1659 2157 1716 2202 οὔ
1747 2176 1789 2201 τι

311 2247 525 2283 pronomen
561 2245 602 2270 τι
643 2245 835 2283 nusquam
878 2233 982 2284 apud
1021 2233 1232 2271 Homerum
1273 2233 1502 2271 transitivas
1542 2233 1790 2271 accusativus

318 2380 453 2419 „gena“
472 2378 508 2408 et
525 2374 762 2409 Germanicae
781 2374 934 2419 „Kinn“‚
959 2374 1004 2408 cf.
1022 2374 1122 2409 Curt.
1140 2374 1213 2409 Et.5
1230 2377 1304 2408 307.
1338 2373 1637 2418 significationes
1657 2377 1788 2417 „gena“

313 2435 350 2465 et
375 2434 576 2471 „mentum“
603 2441 675 2465 non
703 2431 819 2465 solum
844 2431 881 2464 in
907 2430 1028 2474 prisca
1052 2430 1177 2474 lingua
1194 2429 1506 2474 Indogermanica,
1531 2430 1596 2464 sed
1620 2429 1728 2464 etiam
1753 2429 1789 2462 in

310 2487 445 2531 linguis
483 2487 655 2530 singulis,
692 2490 733 2520 ut
769 2486 804 2519 in
841 2490 983 2529 nostra,
1020 2485 1197 2520 fluctuare
1231 2485 1412 2520 videntur.
1460 2484 1515 2521 of.
1546 2484 1669 2530 Kluge
1699 2495 1727 2520 s.
1756 2495 1788 2519 v.

317 2543 470 2583 „Kinn“.

314 2644 345 2676 H
385 2600 453 2677 7⁴¹)
488 2597 740 2634 Cf.Van16ek.
766 2597 812 2641 II,
833 2601 935 2642 10903
969 2598 1069 2633 Curt.
1094 2599 1167 2632 Et.⁵
1184 2601 1260 2632 557.
1310 2596 1424 2632 Secus
1457 2597 1594 2632 iudicat
1626 2597 1791 2631 Fickius³

351 2670 358 2687 ²
423 2701 452 2743 2)
487 2699 541 2734 De
558 2699 706 2733 casibus
723 2699 882 2742 obliquis
906 2698 1130 2743 pronominis
1148 2692 1263 2739 αὐτός
1287 2709 1353 2742 pro
1378 2699 1592 2742 pronomine
1616 2697 1791 2733 reflexivo

312 2755 500 2799 usurpatis
541 2755 624 2789 vide
665 2755 846 2799 exempla,
886 2764 979 2799 quae
1019 2764 1062 2790 ex
1101 2754 1258 2789 Homero
1300 2754 1424 2789 attulit
1464 2754 1691 2798 Kruegerus,
1734 2752 1792 2788 Di.

314 2811 332 2856 ξ
361 2813 414 2855 51,
440 2812 470 2854 2,
495 2814 527 2844 4.

1816 0 1824 118 ,nm-⁶—
