1830 3201
297 159 369 194 192

401 251 436 285 ὅ.
479 248 618 286 Athen.
655 262 690 298 p.
718 253 847 290 478ss
888 266 916 290 S.
946 268 979 293 v.
1015 257 1200 309 κοτυληε
1249 258 1462 313 Σείληνος
1502 262 1575 303 καὶ
1614 265 1762 307 Κλείτ·

289 324 417 362 αρχος
448 307 507 349 ἔτι
542 310 588 351 δὲ
618 310 869 366 Ζηνόδοτος
899 315 981 371 τὴν
1010 317 1168 362 κύλικα

413 373 559 429 ,πάντῃ
591 372 754 432 δ’ἇμφὶ
786 382 918 424 νέκυν
949 382 1259 442 κοτυλήρυτον
1290 389 1437 447 ἔρρεεν
1466 391 1570 450 αἷμα

288 446 344 491 (Il.
368 454 401 495 ψ
423 446 491 493 34)
522 444 595 484 καὶ

412 507 563 552 πολλὰ
580 512 745 566 μεταξὺ
765 517 888 558 πέλε-ι
912 516 1102 576 κοτύλης
1131 524 1204 565 καὶ
1223 526 1389 578 χείλεος
1411 524 1561 584 ἄκρου.

413 574 680 633 Σιμάριστος
702 582 746 623 δὲ
769 581 820 624 τὸ
844 584 1008 628 λεπτὸν
1027 587 1247 645 ποτήριον
1267 588 1387 636 οὕτω
1408 601 1648 642 καλεῖσθαι.
1818 656 1819 659 ¹

399 663 432 698 9.
471 661 640 712 Cramer,
669 664 815 703 Anecd.
844 666 912 706 Ox.
943 669 958 706 1
990 682 1027 718 p.
1057 674 1153 710 207:
1184 663 1408 725 Ἰφθὶμους
1441 673 1624 730 Τρύφων
1656 675 1757 724 (ἕπε-
1818 683 1819 687 ’

286 718 485 776 δηλωσεν
520 719 623 774 τους
662 725 878 782 ἰσχυρούς,
915 730 1165 786 Ζηνόδοτος
1200 736 1305 787 τοὺς
1342 734 1558 795 ἀγαθούς·
1599 748 1641 788 τί
1677 746 1757 803 γὰρ
1819 752 1821 755 “

285 791 415 844 φησὶν
447 790 653 846 {potificem
684 794 843 852 ἰφθίμη
875 793 1033 853 ἄλοχος
1064 801 1311 859 Διομήδεος.

398 877 460 913 10.
497 874 623 913 Schol.
645 877 839 917 Theocrit.
865 882 895 918 V
918 885 958 920 2:
989 879 1138 930 mixog
1165 884 1285 938 χθές]
1317 886 1564 943 Ζηνόδοτος
1596 891 1644 935 τὸ
1672 892 1757 936 κώ-

284 936 395 985 διον,
426 934 477 977 τὸ
507 935 771 992 μαρσύπιον.
817 943 891 983 καὶ
921 942 1056 995 νάκος
1086 946 1208 1002 αἰγὸς
1245 950 1382 1006 δορὰν
1417 957 1491 997 καὶ
1511 952 1754 1014 Ὅμηρος1)·
1821 964 1822 967 ’

283 999 416 1052 νάκος
447 998 556 1044 ἕλετ’
579 1001 700 1060 αἰγὸς
730 1001 973 1063 ὀριτρόφου
1004 1014 1076 1054 καὶ
1101 1013 1337 1071 Θεόκριτος
1366 1020 1413 1062 ἐν
1442 1032 1535 1074 τοῖς
1566 1023 1663 1081 ἑξῆς
1692 1029 1754 1070 αἰ-

285 1067 359 1123 γός
389 1082 531 1125 φησιν.

395 1146 455 1180 11.
492 1144 615 1183 Scliol.
645 1146 692 1183 ad
718 1147 807 1186 Hes.
830 1148 980 1201 Theog.
1002 1165 1034 1189 v.
1055 1156 1149 1193 116:
1183 1150 1288 1206 χάος
1309 1155 1421 1209 λέγει
1449 1159 1516 1210 (sc.
1543 1165 1752 1218 Hesiodus)

281 1203 361 1246 τὸν
380 1207 620 1260 κεχυμείὀν
641 1202 758 1263 ἀέρα,
790 1212 863 1252 καὶ
885 1211 964 1268 γὰρ
987 1214 1237 1270 Ζηνόδοτος
1259 1216 1402 1272 οὕτως
1424 1226 1540 1280 φησί.
1583 1231 1753 1285 Βακχυ-

281 1273 402 1327 λίδης
434 1274 477 1315 δὲ
508 1272 613 1328 χάος
645 1272 724 1317 τὸν
755 1272 860 1333 ιῑῖέρα
892 1275 1106 1336 ὠνόμασε,
1137 1286 1280 1341 λέγων
1308 1292 1410 1344 περὶ
1439 1297 1520 1335 τοῦ
1553 1289 1701 1339 ἀετοῦ·

659 1347 857 1398 νωμᾶται
890 1343 927 1389 δ’
948 1348 996 1390 ἐν
1025 1345 1248 1410 ἀτρυγέτῳ
1275 1354 1380 1410 χάει.

389 1437 637 1476 Accedamus
668 1452 772 1479 nunc
802 1442 851 1480 ad
883 1444 1046 1495 singula.

392 1518 425 1552 1.
468 1516 622 1554 Initium
662 1531 803 1568 capere
841 1535 863 1559 a
899 1524 1046 1564 scholio
1083 1528 1130 1566 ad
1167 1529 1238 1569 Od.
1264 1544 1288 1582 γ
1315 1534 1436 1582 4442)
1472 1540 1750 1593 constituimus,
1829 1516 1830 1581 l

278 1594 363 1619 cum
396 1582 486 1621 inde
524 1586 561 1621 et
594 1586 728 1624 notitia
760 1587 859 1627 tituli
890 1589 1081 1639 γλῶσσαι
1118 1600 1155 1633 et
1185 1597 1368 1638 iudicium
1401 1603 1449 1641 de
1482 1605 1566 1644 libri
1598 1610 1749 1649 consor·
1826 1604 1830 1609 ’

278 1649 446 1687 nmatione
479 1651 763 1699 proficiscatur.
823 1657 921 1695 Nam
955 1661 1057 1708 quod
1092 1659 1276 1713 δαμνίον
1298 1680 1433 1707 vocem
1465 1671 1503 1709 in
1531 1674 1670 1723 glossis
1702 1678 1748 1716 ab

277 1716 407 1754 littera
436 1713 461 1753 δ
491 1719 765 1768 incipientibus
801 1723 928 1762 locum
960 1730 1132 1768 tenuisse
1162 1734 1404 1787 perhibetur,
1435 1751 1501 1777 eas
1532 1744 1746 1782 secundum

277 1784 491 1822 litterarum
511 1786 685 1825 ordinem
710 1788 882 1838 digestas
900 1792 1020 1833 fuisse
1042 1796 1176 1836 elucet.
1220 1801 1389 1841 Verbum
1412 1809 1540 1845 autem
1564 1805 1749 1859 δαμνίον

274 1863 358 1888 eum
396 1852 539 1901 alioqui
576 1866 652 1892 non
691 1857 924 1909 occurrat3),
960 1874 1007 1899 ex
1039 1876 1153 1903 versu
1186 1867 1258 1906 Od.
1284 1881 1308 1919 γ
1335 1873 1427 1922 444,
1463 1887 1541 1924 quo
1571 1877 1746 1918 scholion

275 1922 440 1969 spectat,
471 1922 660 1970 originem
684 1924 783 1963 falso
806 1927 965 1968 duxisse
998 1931 1162 1972 videtur.
1220 1936 1258 1974 Si
1292 1940 1391 1977 enim
1425 1946 1603 1982 naturam
1625 1948 1744 1998 scrip-

274 1989 385 2024 turae
408 1989 550 2026 veteris
579 1991 786 2031 continuae
817 1996 992 2047 respicis,
1022 2012 1137 2048 quam
1170 2003 1359 2044 Zenodoti
1380 2011 1619 2059 temporibus
1650 2027 1744 2053 non-

273 2054 360 2091 dum
398 2055 586 2094 abiectam
624 2058 746 2098 fuisse
785 2063 1103 2105 verisimillimum
1141 2069 1251 2118 est4),
1292 2073 1450 2114 dubium
1487 2090 1571 2118 esse
1606 2083 1744 2132 potuit,

385 2188 412 2227 1)
442 2184 623 2221 Additum
649 2192 706 2223 est
730 2189 797 2224 καί
820 2191 855 2225 in
882 2194 960 2228 cod.
979 2195 1088 2230 Gen.b

383 2244 411 2285 2)
444 2243 498 2277 Cf.
523 2244 703 2289 Pluygers
729 2247 749 2280 l.
768 2258 797 2282 c.
822 2259 856 2292 p.
876 2253 910 2293 73
944 2251 1085 2287 Heffter
1108 2265 1142 2298 p.
1161 2259 1198 2299 Ως
1230 2257 1414 2295 Duentzer
1439 2273 1474 2306 p.
1489 2266 1548 2308 293
1578 2264 1698 2301 Osann
1726 2269 1740 2302 I

272 2308 379 2341 pagg.
398 2304 427 2332 ὃ.
449 2302 505 2342 123
531 2300 727 2336 Schneider
750 2303 771 2338 l.
792 2315 821 2338 c.
847 2316 899 2341 nr.
918 2309 992 2342 215).

383 2356 411 2395 ³)
444 2354 498 2389 De
523 2357 646 2399 glossa
670 2368 728 2403 ap.
746 2359 829 2395 Hes.
856 2373 883 2396 s.
902 2373 935 2396 v.
962 2361 1095 2407 δάμνια
1125 2378 1206 2402 mox
1232 2369 1404 2408 dicemus.

384 2413 411 2449 ¹²)
444 2411 499 2445 Cf.
525 2412 634 2448 schol.
654 2414 689 2447 A
707 2415 752 2449 ad
771 2416 811 2451 Il.
830 2419 850 2451 λ
870 2421 933 2453 754
959 2420 1018 2464 (cf.
1036 2421 1128 2457 infra
1146 2436 1176 2466 p.
1198 2427 1282 2469 195),
1308 2429 1328 2467 ξ
1346 2431 1418 2474 249,
1445 2444 1464 2474 η
1486 2435 1558 2467 127.
1597 2433 1739 2471 Accen-

272 2469 371 2498 tuum
397 2470 434 2500 et
457 2467 651 2511 spirituum
677 2480 768 2514 quos
794 2473 921 2509 dicunt
945 2486 1060 2521 usum,
1086 2489 1191 2523 quem
1217 2482 1261 2516 ab
1287 2481 1535 2530 Aristophane
1559 2490 1738 2536 Byzantio

270 2521 315 2554 ad
338 2526 455 2556 certas
480 2524 579 2567 leges
605 2526 811 2562 institutum
835 2540 915 2566 esse
941 2533 1110 2569 traditum
1132 2540 1189 2571 est
1213 2537 1274 2581 (cf.
1293 2540 1418 2586 Lentz,
1448 2543 1580 2580 Herod.
1602 2547 1737 2585 Techn.

271 2577 330 2610 rel.
357 2577 470 2620 praef.
494 2590 527 2622 p.
547 2580 646 2624 LV13
677 2582 794 2627 Blass,
820 2586 961 2622 Griech.
978 2589 1162 2635 Palaeogr.
1182 2593 1386 2630 Handbuch
1404 2598 1466 2633 der
1484 2599 1596 2637 klass.
1613 2601 1737 2639 Alter-

271 2633 464 2667 tumswiss.
490 2634 506 2667 1
531 2645 565 2678 p.
585 2637 673 2679 283),
705 2639 902 2675 admissum
929 2653 1009 2678 esse
1033 2655 1053 2678 a
1077 2645 1273 2694 Zenodoto,
1304 2651 1366 2686 ubi
1392 2653 1569 2691 dubitatio
1598 2658 1642 2693 de
1668 2660 1735 2695 lec-

271 2688 367 2721 tione
393 2690 525 2723 exoriri
550 2694 704 2735 poterat,
730 2694 935 2732 docuerunt
964 2699 1143 2744 Pluygers
1168 2703 1189 2736 l.
1207 2714 1252 2748 c.;
1278 2705 1466 2744 Duentzer
1489 2721 1597 2756 pagg.
1619 2717 1667 2748 19.
1693 2718 1734 2750 69

269 2742 353 2775 adn.
371 2746 422 2777 33.
464 2743 517 2779 Cf.
544 2746 653 2782 schol.
678 2748 713 2782 A
739 2750 784 2784 ad
813 2752 850 2786 ll.
876 2765 899 2788 α
924 2757 1000 2798 567,
1031 2768 1050 2789 ν
1074 2760 1148 2802 450,
1178 2759 1224 2793 de
1249 2761 1384 2805 quibus
1409 2766 1518 2801 tertio
1545 2772 1581 2802 et
1604 2776 1734 2815 quarto
