1830 3201
293 171 345 207 84

406 280 481 318 Sed
514 280 731 317 admonebo
764 292 840 318 non
869 281 995 317 solum
1022 280 1142 317 verbo
1164 272 1378 326 φθινύθω
1400 282 1438 317 et
1460 271 1769 327 ἁποφθινύθω

296 348 626 386 continuationem
673 348 835 385 actionis
876 347 1045 385 verbalis
1094 346 1156 384 vel
1203 347 1417 394 interitum,
1467 359 1545 396 quo
1587 359 1664 396 qua
1707 359 1770 385 res

295 416 376 453 sive
426 414 604 464 singulae
649 415 814 452 alicuius
855 415 910 452 rei
951 416 1084 463 partes
1126 413 1312 462 paulatim
1354 417 1654 463 consumuntur,
1703 413 1769 451 sed

296 485 411 521 etiam
452 482 571 520 verbo
614 483 808 532 primitivo
851 478 987 530 ([θίω,
1029 477 1181 529 φθίνω
1223 481 1396 530 exprimi.
1463 481 1701 531 Comparare
1732 485 1770 519 te

296 552 408 589 velim
441 562 466 587 κ
489 553 568 590 485
602 563 688 589 cum
722 549 861 589 >2446
894 552 932 587 et
964 548 989 586 λ
1014 552 1091 588 183
1125 565 1177 579 Ξ
1209 560 1234 586 ν
1257 552 1350 588 338.

804 669 845 710 3.
893 664 1271 721 (ἕποφθινύθω.

408 756 452 792 In
493 754 568 792 hoc
610 754 823 804 composito
865 754 1024 803 propria
1065 752 1298 801 significatio
1336 752 1638 801 praepositionis
1670 741 1772 796 ἀπό,

297 834 397 871 quae
427 822 575 860 indicat
604 821 752 871 aliquid
785 821 832 859 ab
865 821 997 870 aliquo
1025 819 1278 869 proficiscens
1300 819 1498 858 tabescere
1519 820 1583 857 Vel
1606 818 1773 866 efficere,

297 886 338 927 ut
370 889 463 939 quid
494 890 672 928 tabescat
703 890 751 927 ab
783 889 913 938 aliquo
945 888 1209 938 proficiscens,
1244 889 1315 926 iam
1344 901 1420 926 non
1444 887 1627 933 semitm-3
1658 899 1773 937 prae-

296 957 436 1006 positio
467 957 599 1006 potius
630 959 778 994 tantum
811 955 860 993 ad
891 955 1115 1005 augendam
1147 958 1185 993 et
1216 954 1488 1007 cumulandam
1520 954 1597 992 vim
1630 966 1675 992 ac
1705 966 1772 1004 po-

296 1027 475 1063 testatem
508 1024 617 1063 verbi
650 1024 835 1073 simplicis
866 1023 982 1062 valet.
1041 1023 1225 1061 Similiter
1256 1023 1485 1073 principalis
1516 1022 1573 1060 vis
1609 1033 1773 1072 praepo-

297 1092 447 1130 sitionis
480 1083 566 1130 ἀπό
600 1092 759 1130 evanuit
790 1092 827 1129 in
861 1091 991 1129 verbis
1023 1080 1433 1140 ιῖπεκλανθάνομαι,
1475 1089 1581 1139 quod
1611 1089 1772 1127 verbum

297 1172 333 1196 ω
356 1162 435 1198 394
469 1159 662 1208 significat
704 1158 843 1207 „plane
875 1157 1092 1206 oblivisci“‚
1142 1160 1180 1195 et
1216 1158 1254 1195 in
1293 1147 1560 1203 ἀπασπαὶρω
1602 1156 1651 1194 cf.
1682 1157 1773 1195 Eur.

297 1229 383 1265 Jon.
409 1230 526 1266 1207.

410 1294 524 1342 Quod
570 1294 618 1331 ad
660 1293 835 1342 singulos
877 1293 982 1331 locos
1023 1296 1060 1331 et
1100 1292 1207 1330 verbi
1245 1285 1463 1340 φθινύθω
1501 1294 1539 1329 et
1569 1290 1773 1341 compositi

300 1353 607 1411 ιῖποφθινύθω
646 1362 795 1410 attinet,
845 1360 975 1409 relego
1017 1359 1065 1398 ad
1110 1360 1317 1398 Wentzelii
1358 1360 1379 1396 l.
1412 1360 1434 1397 l.
1473 1372 1509 1409 p.
1531 1362 1583 1397 34
1621 1370 1775 1396 enume-

297 1432 498 1469 rationem.

354 1583 392 1626 C.
445 1583 498 1626 De
529 1583 662 1626 verbis
692 1582 889 1625 actionem
923 1582 1117 1635 quandam
1149 1581 1480 1635 significantibus,
1511 1581 1572 1623 cui
1607 1580 1713 1623 notio

786 1650 1065 1705 perpetuitatis
1097 1650 1287 1692 inhaeret.

878 1740 915 1783 l.
961 1741 1198 1796 στηρίζω.

411 1826 496 1863 Hoc
542 1825 703 1863 verbum
750 1826 808 1862 est
853 1824 1183 1862 denominativum
1230 1835 1252 1860 a
1302 1822 1543 1861 substantivo
1594 1818 1774 1872 στῆριγξ
1823 1824 1824 1861 ἶ

298 1892 478 1939 (fultura)
511 1893 742 1930 derivatum.
803 1891 850 1930 cf.
882 1891 1138 1930 Pfordtenum
1171 1904 1207 1940 p.
1230 1892 1296 1940 99,
1335 1891 1376 1928 L.
1400 1890 1560 1940 Meyer„
1589 1890 1668 1939 vgl.
1690 1889 1775 1928 Gr.‘-'
1822 1931 1823 1935 Ἰ

299 1962 327 2010 Ι,
350 1963 446 2010 620;
491 1959 608 2008 Ourt.‚
640 1959 775 1997 Ve1·b.2
806 1960 853 2008 Π,
877 1961 969 1998 299.
1039 1959 1134 1997 Cum
1177 1955 1342 2008 στῆναι,
1382 1961 1423 1996 ut
1454 1958 1498 1995 Ε.
1530 1957 1580 1995 Μ.
1614 1960 1706 2006 727,
1723 1959 1775 1996 50

298 2033 335 2067 et
366 2027 565 2066 Lobeckio
596 2028 633 2065 in
666 2028 798 2065 Rhem.
822 2030 901 2066 226
933 2027 1073 2076 placet,
1118 2025 1212 2064 illud
1244 2037 1322 2063 non
1354 2025 1444 2063 licet
1475 2024 1666 2063 conferre.
1726 2024 1774 2062 cf.

299 2097 404 2135 Curt.
436 2096 516 2133 ΕΗ
548 2098 644 2144 2133
682 2091 859 2133 Vanieek
889 2095 937 2143 II,
962 2097 1051 2133 113.
1111 2094 1428 2132 Consentaneum
1465 2091 1621 2130 videtur
1658 2093 1775 2141 signi-

299 2164 519 2201 ficationem
551 2163 669 2200 activi
700 2163 809 2201 verbi
841 2162 888 2200 ab
919 2163 994 2200 isto
1027 2162 1181 2200 nomine
1213 2160 1371 2199 deducti
1402 2160 1648 2199 transitivam
1680 2172 1776 2209 esse,

299 2243 400 2280 quae
426 2231 532 2269 notio
561 2230 736 2279 profecto
759 2233 797 2267 et
818 2229 921 2279 apud
944 2230 1154 2267 Homerum
1178 2231 1216 2266 et
1236 2227 1341 2279 apud
1364 2228 1603 2277 posteriores
1624 2230 1776 2276 regnat.

299 2298 429 2336 Verba
469 2298 570 2336 enim
614 2298 651 2336 in
689 2293 782 2346 -ἰζω
815 2298 1001 2335 exeuntia
1031 2297 1264 2345 plerumque
1297 2295 1533 2334 causativam
1566 2294 1776 2343 notionem,
1819 2315 1820 2318 =

300 2367 371 2404 nisi
402 2366 535 2404 valent
570 2378 634 2411 „se
665 2377 803 2414 gerere
834 2364 982 2414 pariter
1013 2367 1132 2414 atque
1164 2376 1264 2413 eum,
1295 2375 1409 2413 quem
1432 2363 1549 2413 stirps
1573 2363 1776 2401 nominalis
1823 2355 1825 2360 ’

299 2434 539 2482 nuncupat“‚
571 2434 609 2470 in
642 2444 682 2470 se
713 2432 915 2481 suscipere
946 2434 1252 2470 consueverunt.

412 2500 524 2539 Unde
556 2500 662 2538 notio
690 2500 949 2548 intransitiva,
980 2511 1083 2548 quae
1105 2498 1223 2537 semel
1243 2497 1512 2536 tantummodo
1533 2497 1572 2535 in
1595 2495 1774 2546 Odyssea

300 2618 471 2652 Similiter
501 2617 679 2651 Homerus
716 2616 909 2650 transitive
940 2616 1090 2650 adhibet
1122 2612 1328 2659 φθινύθειν
1359 2617 1432 2659 κῆρ
1468 2626 1491 2647 κ
1517 2617 1582 2648 485
1616 2608 1657 2647 οἵ
1682 2613 1776 2656 (scil.

301 2670 460 2718 ἑταῖροι)
483 2684 553 2716 μευ
580 2669 837 2716 φθινύθουσιν
863 2670 974 2715 φίλον
990 2674 1062 2716 κῆρ
1085 2673 1089 2714 Ι
1112 2665 1204 2714 ἀμφ’
1222 2665 1281 2713 ἔμ’
1299 2665 1536 2714 ὀδυρόμενοι,
1562 2669 1623 2704 ubi
1647 2672 1776 2712 aperte

300 2741 371 2764 non
389 2730 477 2764 licet
501 2729 653 2763 verbum
671 2739 737 2772 pro
753 2728 986 2762 intransitivo
1003 2727 1176 2771 accipere,
1201 2723 1326 2769 θυμὸν
1345 2721 1442 2760 ἔδειν
1466 2739 1477 2759 ι
1498 2729 1539 2760 74
1557 2729 1636 2768 etc„
1661 2737 1774 2759 κατα-

300 2783 454 2819 δάπτειν
479 2779 571 2829 ἦτορ
596 2783 642 2819 cf.
666 2783 823 2819 Ameisii
847 2794 932 2828 app.
957 2783 1003 2818 ad
1028 2796 1039 2817 ι
1059 2786 1100 2817 74
1124 2783 1393 2827 praecipueque
1418 2782 1464 2816 ad
1490 2782 1521 2815 Z
1536 2783 1612 2816 524.
