1815 3231
1440 198 1511 230 ῙΗῘ)

43 301 190 351 „Hort“
227 314 431 341 recurrere
462 305 608 351 censet,
640 314 753 351 quam
788 302 941 351 quidem
975 307 1245 355 etymologiam
1280 307 1514 344 recentiores

40 371 322 422 improbarunt,
353 368 572 415 Froehdii¹)
604 371 809 414 sententia,
842 365 995 419 dorida)
1027 386 1109 410 cum
1146 375 1282 411 Latina
1316 387 1409 411 vove
1447 374 1513 413 „ri—

40 438 151 478 dica“
187 437 501 488 (‚‚Weinpfahl“)
532 450 616 476 csse
640 439 958 487 comparandum,
991 441 1161 483 ('urtio'-')
1195 443 1353 479 inaximo
1378 442 1515 479 arrisit.

40 507 92 546 At
122 520 170 546 ex
202 507 275 545 hac
306 506 598 556 comparatione
637 506 730 544 nihil
763 505 811 544 ad
845 507 1098 556 principalem
1133 510 1236 547 verbi
1270 510 1343 547 vini
1377 510 1514 547 consti-

42 575 227 614 tuendam
260 574 444 613 concludi
476 571 649 623 potest.²³)

153 643 229 682 Sed
260 645 303 681 ut
334 642 382 680 ad
413 642 526 680 verbi
557 653 669 679 usum
702 643 918 692 veniamus,
956 643 1047 681 illud
1081 645 1183 693 apud
1218 646 1423 682 Homerum
1463 645 1514 680 in-

42 710 245 749 transitive
286 711 518 760 usurpatum
561 721 638 747 non
674 708 847 753 videtui-3
890 712 1029 747 etenim
1072 712 1115 747 iis
1153 712 1248 749 locis
1290 711 1516 758 Homericis,

43 778 186 828 quibus
218 778 395 816 homines
423 777 526 815 docti
558 776 720 814 verbum
743 776 1032 815 intransitivum
1066 779 1223 816 subesse
1255 782 1518 825 autumni-unt,

43 858 120 884 non
166 845 281 884 modo
331 845 566 895 simplicius,
613 856 748 882 verum
795 844 908 882 ctiam
955 846 1098 883 rectius
1149 846 1375 883 transitivos
1425 857 1517 882 usus

42 913 279 964 agnoscitur.
339 913 587 962 Quamquam
629 911 667 949 id
709 912 845 961 nequit
886 914 1031 961 negari,
1072 916 1195 950 aetate
1235 913 1517 962 postiemum-ica

44 993 156 1020 usum
193 980 484 1019 intransitivum
515 979 623 1018 verbi
664 979 768 1029 apud
809 983 956 1029 poetas,
994 984 1033 1017 ut
1065 980 1300 1028 Aeschylum
1341 981 1518 1016 maxime-

45 1061 122 1100 que
158 1047 474 1098 Aristophanem,
519 1050 558 1085 et
599 1047 705 1096 apud
745 1048 956 1097 scriptores
997 1049 1254 1096 posteriorum
1293 1051 1518 1096 temporum,

46 1121 88 1156 ut
118 1116 223 1166 apud
255 1116 522 1163 Plutarchum7
554 1119 722 1154 exstare.

33 1240 37 1246 Ι
157 1186 424 1223 Transeamus
454 1196 559 1222 nunc
597 1183 646 1222 ad
684 1183 909 1221 tractandos
945 1183 1116 1232 singulos
1146 1184 1250 1221 locos
1282 1182 1520 1229 Homericos,

46 1254 188 1304 quibus
218 1253 293 1291 viri
325 1251 429 1290 docti
461 1251 582 1290 verbo
614 1251 851 1290 addixerunt
882 1251 1203 1298 significationem
1226 1250 1518 1288 intransitivam.

158 1321 222 1360 Sic
253 1320 325 1359 sub
346 1319 596 1358 intransitiva
618 1319 777 1357 notione
809 1319 980 1357 afferunt
1008 1319 1216 1357 Passovius
1239 1321 1276 1356 et
1298 1317 1521 1362 Ebclingius

47 1391 88 1429 in
120 1387 254 1428 lexicis
284 1388 366 1426 suis
398 1399 445 1425 ex
467 1387 591 1425 Iliade
619 1384 665 1424 H
684 1389 760 1426 108
793 1377 893 1423 midi:
927 1378 1117 1423 δύναντο
1146 1381 1150 1435 l
1178 1374 1279 1434 ἅμα)
1300 1374 1420 1433 affusi
1451 1394 1520 1419 πε-

48 1453 215 1508 λεμίξαι
246 1451 489 1506 ἐρείδοντες
521 1450 751 1502 βελέεσσιν.
813 1454 1041 1503 Ebelingius
1074 1454 1108 1491 h.
1136 1454 1156 1490 l.
1188 1453 1347 1491 verbum
1381 1452 1519 1489 incom-

49 1524 162 1565 mode
193 1523 322 1563 reddit
358 1536 432 1570 „an
453 1523 532 1561 ihm
562 1521 830 1561 anstemmend
862 1522 929 1560 mit
949 1522 1022 1559 den
1047 1519 1328 1559 Gescliossen“.
1387 1519 1523 1566 Nemo,

49 1594 200 1643 opinor,
231 1592 316 1641 erit,
347 1590 455 1641 quin,
486 1590 553 1629 ubi
583 1592 768 1628 accurate
789 1589 1000 1639 perlegerit
1021 1590 1242 1626 contextum
1266 1589 1303 1625 et
1325 1586 1520 1624 continua·

49 1663 191 1702 tionem
224 1659 429 1709 sermonis,
465 1659 658 1697 obiectum
690 1657 849 1707 aliquod
890 1659 928 1694 et
958 1656 1006 1694 ad
1038 1655 1266 1694 infinitivum
1301 1648 1520 1701 πελεμίξαι

50 1733 89 1769 et
128 1728 177 1768 ad
217 1727 462 1778 participium
495 1721 737 1776 ἐρείδοντες
777 1737 797 1762 e
836 1724 1105 1774 superioribus
1145 1721 1246 1759 haud
1284 1733 1422 1769 magno
1460 1732 1523 1757 nc-

50 1798 156 1848 gotio
188 1807 267 1834 non
290 1795 417 1833 solum
447 1793 652 1832 subaudiri
672 1804 798 1841 posse,
828 1791 896 1830 sed
919 1792 1031 1829 etiam
1055 1790 1272 1829 necessario
1294 1786 1523 1826 subaudien-

52 1866 143 1904 dum
176 1877 261 1903 esse
292 1862 492 1902 concedat.
552 1862 610 1899 Ac
642 1860 824 1911 quoniam
859 1872 904 1897 ea
934 1860 1065 1904 verba,
1097 1869 1197 1907 quae
1229 1855 1430 1904 exscripsi,
1461 1866 1523 1891 nc-

51 1933 183 1985 gative
223 1932 445 1971 accuratius
487 1930 689 1980 explicant
726 1929 782 1977 id,
819 1927 923 1977 quod
954 1926 1127 1965 indicant
1157 1923 1421 1963 confirmative
1459 1922 1525 1958 illa

53 2002 326 2042 antecedentia
348 1994 538 2052 ἔμπεδον
559 1993 652 2036 αἰὲν
674 1991 785 2047 ἔχων
807 1986 939 2039 σάκος
961 1987 1125 2039 αἰόλον,
1156 1991 1365 2042 aptissime,
1397 1989 1526 2037 eredo,

54 2086 101 2112 ex
131 2072 214 2110 istis
245 2070 376 2110 verbis
413 2069 607 2108 obiectum
648 2058 781 2109 σάκος
819 2063 1040 2102 desumitur.
1100 2060 1161 2099 Sic
1197 2062 1302 2098 recte
1333 2056 1526 2096 Ameisius

55 2152 210 2180 versum
256 2139 365 2177 illum
415 2137 701 2186 interpretatur
750 2131 927 2180 „obwohl
971 2131 1025 2169 sie
1077 2129 1151 2167 den
1196 2126 1326 2167 Schild
1376 2125 1526 2163 schwer-

54 2209 181 2248 trafen
218 2208 286 2245 mit
315 2203 587 2245 Geschossen“
629 2203 799 2251 itemque
831 2197 1038 2244 Faesius.4)
1104 2197 1187 2235 Nec
1222 2206 1292 2233 nos
1329 2191 1526 2232 offendere

171 2318 197 2358 ¹)
223 2315 269 2350 K.
286 2315 322 2350 Z.
343 2313 461 2357 XXII,
480 2315 554 2347 263.

167 2374 197 2418 2)
223 2373 298 2408 Et.5
315 2373 390 2406 724.

175 2431 205 2472 ³)
232 2428 338 2471 Quod
361 2428 402 2463 L.
420 2427 601 2472 Meyerus,
627 2423 698 2468 vgl.
717 2421 951 2464 Gr.·-‘I,106·.)‚
982 2424 1017 2453 et
1042 2416 1241 2457 Kuehnius‚
1268 2414 1311 2448 de
1337 2424 1408 2447 aor.
1433 2423 1527 2456 pass.

56 2486 183 2522 formis
208 2489 289 2528 etc„
313 2496 347 2529 p.
367 2487 421 2528 27,
445 2483 596 2528 primam
621 2481 693 2515 vim
719 2478 819 2513 verbi
847 2473 978 2521 ἐρείὸω
1006 2484 1085 2509 esse
1110 2471 1372 2506 intransitivan]
1398 2468 1529 2502 iudica-

57 2547 202 2587 verunt,
225 2541 294 2577 hoc
317 2541 433 2585 magis
458 2540 644 2574 finxerunt
667 2546 773 2581 quam
800 2534 1144 2568 demonstraverunt.
1193 2526 1372 2567 Kuehnio‚
1397 2525 1426 2558 si
1451 2533 1529 2557 vcr-

58 2600 145 2635 bum
170 2602 326 2642 utraque
351 2598 465 2632 utitur
489 2596 536 2639 vi,
570 2603 711 2637 semper
735 2588 996 2636 propemodum
1025 2584 1257 2620 intransitiva
1281 2582 1390 2623 notio,
1422 2590 1527 2624 quam

59 2655 262 2691 minutatim
293 2653 483 2689 causativa
513 2651 572 2687 vel
604 2649 796 2685 transitiva
825 2647 881 2680 vis
918 2655 963 2680 ex
999 2643 1119 2678 activo
1155 2639 1333 2684 expellere
1369 2640 1528 2678 conetur,

59 2716 180 2749 aetate
204 2711 369 2757 superior
393 2719 475 2745 esse
499 2708 656 2744 videtur.

173 2770 201 2813 4)
231 2766 482 2803 Doederleinii
506 2765 616 2808 (hom.
633 2763 687 2797 Gl.
713 2771 766 2795 nr.
784 2761 863 2802 567)
891 2756 1095 2793 sententiae
1126 2753 1285 2789 breviter
1313 2749 1528 2785 mentionem

61 2826 180 2862 facere
206 2824 326 2862 velim.
373 2823 439 2859 Illo
463 2822 555 2859 enim
586 2830 631 2855 ex
663 2813 754 2863 ἀμφ’
773 2811 873 2864 αὐτῷ
907 2814 1087 2849 obiectum
1116 2805 1232 2845 αὐτόν
1263 2807 1309 2842 ad
1334 2802 1527 2848 πελεμίξαι
