1815 3231
1440 181 1516 215 211:

155 281 362 331 Reliquum
395 285 454 321 est
488 286 528 321 ut
550 296 711 333 agamus
744 285 790 322 (lv
824 287 982 324 Pindari
1015 290 1225 326 carminum
1256 289 1426 327 edilium¹
1453 291 1517 326 'lw-

43 349 264 399 nodotea¹),
296 351 406 389 cuius
429 351 564 389 notitia
596 352 761 389 debetur
793 355 947 392 selreliis
974 356 1198 401 Pindaricis,
1231 370 1330 406 quae
1364 361 1519 394 exstant

2 423 3 460 ᾗ
41 418 78 455 iu
112 417 197 455 cod.
222 418 371 456 Vratisl.
395 419 439 456 A.
506 419 720 457 Adnotavit
758 421 964 459 scholiasta
1002 423 1048 459 ad
1089 425 1145 460 (Η.
1176 425 1205 460 ΙΙ
1237 428 1274 462 7:
1319 416 1519 473 ιὶκροῧό-

41 483 154 531 νιαῖ)
191 481 404 535 πολέμου]
448 479 696 537 Ζηνόδοτος
732 482 840 536 Αιιι-ταὶ
872 487 951 525 τοῦ
979 491 997 525 ι’
1026 483 1192 540 γράφει,
1232 482 1518 539 ιῖκροῖιιίηιιῇῑι

41 552 121 590 Iam
164 553 367 592 contendit
406 553 670 596 Boeckl1i11s⁴)
716 556 956 594 Zenodotum
997 558 1229 607 scripturam
1273 550 1519 608 ιὲκροθύνικ

41 621 257 658 correxisse
294 621 331 658 in
364 611 616 670 (ἕκροθίνια.
679 623 838 661 Rectius
871 624 939 661 liae
973 624 1019 662 de
1053 638 1092 662 re
1133 626 1218 663 mihi
1252 627 1432 664 statuisse
1465 628 1518 664 vi-

41 687 156 726 detur
187 688 498 735 Mommsenus.5)
559 690 606 727 Et
629 691 795 739 primum
819 692 972 740 quidem
1003 694 1215 741 quaeritur,
1247 694 1338 742 quid
1363 695 1517 732 omnino

39 754 110 792 sibi
149 755 241 793 velit
280 756 512 795 vocabulum
552 748 859 807 ιὲκροθόνιαῦ),
902 759 1012 796 cuius
1052 760 1256 808 originatio
1299 761 1413 809 plane
1454 761 1519 797 ob-

40 833 157 860 scura
188 825 257 861 est.
318 823 467 871 Quodsi
512 828 672 873 reputas
719 828 756 863 et
797 826 854 864 Ol.
886 826 920 863 Il
953 830 977 864 4
1020 830 1056 864 et
1097 827 1154 865 Ol.
1189 828 1240 865 XI
1274 831 1337 876 57,
1381 828 1442 865 ubi
1481 829 1516 865 iu

40 890 196 928 scholiis
242 890 444 941 adscripta
491 896 550 930 est
593 905 670 931 vox
717 882 998 943 ἅκροθόιία,
1045 896 1081 932 in
1130 899 1237 933 textu
1287 886 1518 945 ἀκρόθινα

40 958 127 1007 legi,
165 971 266 1008 quae
305 959 431 998 forma
468 960 574 1010 apud
612 962 823 1010 scriptores
861 965 1013 1000 veteres
1045 962 1217 1001 Graecos
1256 967 1410 1011 praeter
1448 964 1517 1000 lios

39 1025 139 1065 duos
171 1027 279 1066 locos
311 1040 503 1078 nusquam
537 1030 719 1078 occurrit,
752 1042 836 1067 eum
869 1031 1104 1068 vocabulum
1137 1020 1425 1079 ἀκροθίνιον
1456 1031 1515 1067 vel

39 1084 292 1145 ἀκροθίνια
324 1096 419 1134 satis
449 1097 497 1134 sit
528 1097 674 1144 tritum,
706 1097 865 1135 dubium
889 1110 973 1135 esse
1006 1111 1082 1136 nou
1112 1102 1250 1147 potest,
1284 1099 1374 1147 quin
1408 1098 1515 1136 selio-

39 1162 77 1200 lii
109 1163 303 1201 sententia
333 1163 499 1212 pristina
529 1163 647 1202 fuerit
677 1164 918 1203 Zenodotum
952 1177 1084 1202 vocem
1111 1155 1416 1215 ,,ιΞκρο.(Ηι·ιιι“
1447 1176 1516 1214 ιιιι-

23 1223 94 1267 ‘td
123 1229 205 1268 τοῦ
236 1231 258 1267 ἴ
289 1225 474 1281 γράφειν
510 1232 758 1270 recedentem
789 1245 812 1270 a
844 1233 1009 1270 lectione
1043 1223 1326 1282 „cixpdffhzva‘n
1388 1234 1516 1281 Atque

40 1298 136 1336 haec
177 1300 418 1345 coniectura,
460 1312 576 1350 quam
618 1301 825 1350 proposuit
866 1302 1145 1349 Mommsenus,
1187 1314 1230 1338 eo
1274 1301 1517 1338 verisimilior

39 1369 108 1412 est,
140 1367 245 1416 quod
279 1368 316 1406 in
341 1368 450 1406 libris
483 1380 596 1406 manu
620 1368 774 1417 scriptis
807 1369 958 1406 litterae
985 1368 1005 1404 ι’
1027 1372 1064 1406 et
1092 1368 1118 1403 ὅ
1147 1369 1302 1417 saepius
1330 1367 1515 1405 confusae

39 1433 176 1481 suntfi)
236 1435 345 1483 Quae
375 1436 493 1474 fuerit
521 1448 650 1483 eausa,
682 1449 751 1474 cur
783 1436 1005 1474 Zenodotus
1037 1426 1275 1485 ἀκροθίνια
1306 1436 1517 1484 scripserit,

38 1502 154 1541 facile
177 1504 427 1553 intellegitur.
469 1505 505 1544 si
529 1505 631 1543 enim
654 1505 926 1553 reminisceris,
949 1517 1048 1553 quae
1071 1504 1119 1542 de
1138 1504 1329 1541 vocabulo
1350 1496 1515 1553 μοκλόι*

39 1570 384 1621 disse1·uerimus⁸),
407 1572 598 1610 concedes
620 1572 863 1610 Zenodotum
883 1572 1043 1610 formam
1064 1561 1306 1621 ἀκρόθινα
1323 1571 1515 1613 reiecisse,

38 1701 73 1735 in
94 1701 180 1737 Hor.
204 1702 249 1736 ad
269 1703 386 1737 Carm.
411 1702 426 1736 I
446 1706 499 1745 27,
521 1706 531 1737 1
554 1703 626 1745 (ed.
646 1703 771 1747 Meyer
795 1714 828 1746 p.
849 1704 916 1745 31).
943 1723 972 1726 —
1011 1702 1136 1736 Libros
1155 1701 1337 1735 exstitisse
1356 1701 1516 1744 quinque

39 1758 234 1802 collegisse
262 1759 332 1794 sibi
358 1760 459 1794 visus
486 1763 543 1794 est
571 1759 706 1803 Bergk,
732 1759 870 1794 Anacr.
888 1769 995 1793 carm.
1015 1759 1075 1793 rel.
1102 1769 1135 1801 p.
1155 1760 1206 1800 28,
1240 1757 1301 1800 qui
1327 1767 1514 1791 assensum

38 1815 121 1850 tulit
138 1815 302 1851 Richteri
329 1815 496 1860 [Jahrbb.
514 1816 538 1851 f.
556 1816 647 1850 Phil.
665 1816 733 1850 XV
755 1827 788 1860 p.
808 1817 873 1859 2S],
899 1816 964 1850 sed
986 1815 1076 1849 hane
1096 1815 1310 1849 sententiam
1330 1818 1427 1848 stare
1446 1824 1515 1846 non

39 1882 148 1916 posse
173 1873 298 1907 docuit
322 1873 509 1917 Duebner,
534 1873 686 1908 Anthol.
705 1872 739 1906 II
766 1884 799 1917 p.
823 1876 893 1907 189.

152 1944 179 1982 1)
212 1941 267 1976 Cf.
292 1941 451 1985 Boeekh,
484 1941 587 1976 Pind.
614 1951 720 1976 earm.
751 1941 863 1985 praef.
893 1950 1000 1984 pagg.
1026 1939 1088 1972 IX.
1114 1938 1167 1982 X3
1200 1938 1387 1972 Duentzer
1415 1948 1449 1980 p.
1475 1940 1512 1970 31

38 1997 120 2032 adn.
139 2000 191 2032 24.
216 2018 260 2022 —-
285 1997 494 2033 Editionem
519 2008 540 2032 a
561 1998 745 2032 Zenodoto
772 1996 969 2041 profectam
996 2004 1076 2030 esse
1103 2005 1146 2030 ex
1166 1994 1287 2029 verbis
1308 1987 1517 2037 Z⁷s1·0'‹)‹m›;

39 2050 179 2099 γράφει
207 2055 339 2098 elucet,
364 2064 457 2099 quae
484 2058 630 2088 exstant
655 2055 690 2088 in
717 2053 861 2088 scholiis
887 2052 932 2086 ad
958 2052 1010 2086 Ol.
1031 2051 1064 2084 11
1084 2054 1120 2093 ῖς
1149 2050 1198 2083 VI
1216 2053 1277 2093 913
1302 2047 1468 2083 cf.inf1·a.

150 2110 179 2154 2)
212 2111 268 2144 Ita
293 2110 401 2145 etiam
426 2110 463 2144 in
489 2110 617 2144 codiee
643 2107 899 2151 Ambrosiam,
933 2108 1035 2141 euius
1061 2105 1309 2150 apographum
1346 2109 1402 2138 est
1428 2103 1514 2137 Vra-

38 2165 263 2201 tislaviensis
293 2165 340 2210 A,
371 2166 544 2210 seriptum
579 2175 658 2200 esse
690 2165 844 2199 videtur.
892 2164 946 2198 Cf.
971 2164 1012 2196 Τ.
1035 2163 1242 2203 Mommsen,
1275 2160 1410 2195 Adnot.
1437 2161 1515 2194 crit.

39 2223 161 2267 suppl.
187 2222 233 2256 ad
258 2222 364 2257 Pind.
381 2223 524 2266 Olymp.
550 2233 584 2267 p.
606 2226 655 2256 15.

150 2280 179 2321 3)
214 2278 270 2315 Of.
302 2278 514 2321 Schneider,
551 2277 732 2323 Apparat.
764 2276 945 2312 Pindarie.
993 2276 1117 2319 Suppl.
1155 2284 1199 2309 ex
1233 2273 1337 2308 codd.
1367 2273 1515 2307 Vratisl.

39 2345 121 2379 pag.
147 2338 199 2370 60.

150 2393 178 2432 ⁴1)
212 2390 234 2425 l.
251 2401 282 2425 c.
308 2389 422 2435 praef.
446 2402 480 2435 p.
499 2390 571 2435 1X;
594 2390 674 2424 adn.
701 2389 746 2423 ad
773 2388 804 2423 h.
825 2388 846 2422 l.

151 2448 180 2490 ⁵)
214 2447 354 2481 Adnot.
378 2446 460 2481 crit.
485 2446 607 2490 suppl.
632 2445 677 2480 ad
703 2444 805 2480 Pind.
832 2442 973 2488 Olymp.
1001 2453 1034 2486 p.
1056 2445 1105 2476 14.

151 2504 180 2546 6)
213 2503 367 2546 Legitur
386 2502 476 2538 haec
493 2501 609 2536 forma
633 2505 777 2546 praeter
794 2499 889 2533 hune
907 2499 1025 2533 locum
1051 2507 1229 2541 nusquam
1255 2496 1325 2530 nisi
1349 2496 1384 2529 in
1405 2495 1514 2529 schol.

38 2559 117 2594 eod.
136 2558 285 2594 Vratisl.
302 2559 334 2593 D
360 2560 407 2594 ad
432 2558 485 2594 Ol.
503 2558 556 2592 XI
574 2562 626 2599 67,
652 2557 713 2592 ubi
739 2556 849 2591 ceteri
876 2556 957 2589 libri
987 2553 1164 2588 exhibent
1189 2549 1391 2598 ἀκρόθινα,
1418 2556 1453 2585 et
1478 2552 1512 2584 in

39 2615 189 2650 scholiis
214 2625 285 2650 ree.
311 2616 356 2650 ad
381 2616 434 2650 Ol.
458 2615 492 2649 II
517 2618 547 2656 2,
580 2624 672 2658 quae
698 2613 849 2647 tradunt
874 2612 910 2645 iu
936 2621 1009 2645 uno
1035 2611 1203 2644 librorum
1232 2608 1405 2652 seriptum
1433 2617 1513 2641 csse

39 2666 266 2717 ἀκροθόνια.

153 2730 180 2771 ⁷)
213 2727 268 2763 Cf.
293 2728 492 2763 Mommsen
519 2729 541 2763 l.
559 2738 589 2762 e.

153 2786 182 2826 8)
214 2783 271 2819 Cf.
295 2795 330 2828 p.
348 2787 423 2819 212.
