1815 3231
621 888 834 954 caput
876 890 951 943 II.

154 1058 198 1095 In
238 1058 311 1096 hoe
342 1058 470 1106 capite
502 1059 675 1097 seeundo
719 1061 968 1108 pertractabo
1011 1074 1055 1098 ea
1085 1057 1222 1105 'voi-lia,
1264 1076 1425 1111 quoi-nni
1466 1066 1515 1101 in-

39 1126 245 1164 transitiva
276 1124 381 1163 notio
415 1138 491 1163 non
526 1139 571 1163 ex
596 1127 837 1165 obiectorum
861 1129 987 1177 cllipsi
1020 1132 1133 1166 enata
1161 1134 1229 1166 est.
1292 1127 1368 1167 Iam
1399 1143 1517 1180 snpra

39 1206 75 1243 p.
99 1196 194 1242 3sq.
223 1194 523 1231 commemoravi
553 1195 589 1232 in
618 1195 699 1232 istis
723 1195 851 1233 verbis
881 1197 1033 1245 ellipsin
1066 1199 1304 1245 pronominis
1334 1199 1515 1237 rollcxivi.

40 1273 118 1311 qua
160 1261 323 1299 verbum
364 1262 655 1300 intransitivum
699 1263 781 1300 fieri
822 1265 1062 1311 grammatici
1105 1270 1360 1314 puniverunt,
1402 1268 1514 1304 statui

39 1341 203 1380 prorsus
235 1342 311 1367 non
346 1329 475 1368 licere.
535 1330 599 1368 Sic
632 1330 908 1377 Lobeckius¹l‚
944 1335 985 1369 nt
1017 1344 1133 1369 unum
1158 1346 1203 1370 cx
1228 1334 1281 1370 eis
1314 1334 1517 1381 nominem,

39 1410 254 1448 pronomen
288 1398 517 1436 reflexivum
551 1411 636 1436 esse
668 1399 851 1437 omissum
895 1400 984 1437 indc
1017 1401 1184 1449 collegit,
1223 1401 1326 1450 quod
1359 1401 1393 1438 id
1428 1414 1458 1438 c.
1487 1415 1517 1438 (·.

38 1465 227 1515 imprimis
259 1466 390 1504 verbis
426 1467 661 1514 remittendi,
699 1467 953 1516 concedendi,
990 1468 1146 1505 laxandi
1188 1481 1398 1517 corumque
1431 1482 1516 1518 syn-

39 1534 191 1583 onymis
229 1535 379 1572 centies
416 1534 591 1572 additum
626 1538 694 1573 est.
754 1536 806 1573 At
838 1536 990 1574 minime
1030 1536 1249 1574 Lobeekius
1290 1539 1517 1575 sententiani

38 1601 328 1652 Bernhardyi2)
360 1602 627 1651 labefactavit,
660 1603 726 1652 qui
755 1604 827 1641 isto
858 1604 1132 1653 supplemento
1165 1605 1213 1641 ad
1235 1604 1516 1643 intransitivum

38 1670 235 1708 notionem
279 1670 551 1719 explicandam
600 1671 654 1708 uti
702 1682 773 1708 nos
814 1674 930 1708 vetat.
1000 1672 1154 1709 Etenim
1204 1672 1272 1710 lio‹·
1321 1672 1516 1711 Lobeckio

38 1738 199 1787 obicias,
229 1737 323 1776 loeis
346 1737 615 1776 tantummodo
639 1739 872 1788 scriptorum
896 1739 1270 1788 posthomericorum
1304 1753 1513 1789 pronomen

38 1805 266 1844 reflexivum
304 1806 353 1844 ad
385 1806 452 1843 illa
484 1807 605 1844 verba
642 1806 871 1844 adiunctum
911 1818 1006 1854 esse,
1044 1819 1118 1844 non
1152 1807 1188 1844 in
1222 1807 1303 1855 ipso
1338 1808 1516 1855 nomen»,

38 1873 142 1923 apud
189 1886 305 1923 quem
351 1875 553 1923 proprium
600 1886 816 1924 pronomen
861 1875 1088 1911 reflexivum
1137 1874 1307 1912 nondum
1354 1880 1410 1912 cst
1453 1889 1512 1912 cx-

39 1941 199 1979 cultum».
251 1941 308 1980 Of.
338 1942 497 1980 Ameisii
527 1941 697 1992 append.
728 1941 776 1978 ad
809 1940 845 1978 Z
869 1944 960 1979 5⁴22.
1021 1942 1201 1979 Ceterum
1234 1942 1513 1979 intransitivum

38 2009 114 2046 vim
146 2009 256 2048 verbi
289 2005 481 2060 μεθίημι,
522 2022 544 2047 a
575 2022 653 2059 quo
684 2008 905 2047 Lobeckius
942 2010 980 2045 in
1019 2008 1282 2058 disputatione
1320 2022 1386 2047 sua
1427 2022 1506 2058 pro-

37 2075 237 2126 ficiscitur,
268 2076 385 2126 plane
418 2076 493 2115 alio
517 2076 631 2115 modo
654 2076 850 2125 explicare
872 2075 1020 2124 studui3
1052 2075 1139 2112 vide
1173 2076 1271 2113 infra
1303 2089 1336 2125 p.
1363 2079 1483 2124 Tsssq.

150 2143 429 2182 Gravissimum
459 2149 589 2183 tamen
622 2146 893 2193 argumentum
927 2146 1063 2181 contra
1086 2143 1272 2181 Lobeckii
1295 2144 1512 2192 opinionem

37 2212 165 2250 statim
197 2213 368 2250 afferam.
428 2212 652 2251 Lobeckius
684 2212 784 2250 enini
817 2223 1029 2260 omnesque
1051 2211 1086 2260 ii,
1118 2211 1183 2260 qui
1210 2210 1248 2248 in
1271 2211 1402 2248 eadem
1426 2218 1513 2248 sunt

38 2280 242 2330 sententia,
272 2280 415 2330 partim
443 2293 498 2328 ea,
530 2292 632 2329 qnae
654 2277 913 2329 'grammatica
935 2279 1212 2328 comparativa,
1244 2291 1342 2327 quac
1365 2279 1512 2316 dicitnr,

38 2347 85 2386 de
127 2348 248 2387 verbo
290 2349 454 2398 eiusque
495 2351 532 2386 vi
574 2349 699 2397 docet,
740 2349 1024 2397 ignoraverunt
1065 2348 1203 2396 partim
1245 2347 1512 2395 neglexerunt.

36 2415 176 2465 Itaque
207 2415 418 2466 disputatio
451 2418 595 2461 nostra,
633 2419 675 2453 nt
706 2419 851 2452 rectam
885 2414 1129 2464 ingrediatur
1160 2415 1273 2463 viam,
1310 2414 1347 2451 in
1379 2413 1512 2450 funda-

39 2485 170 2520 mento
202 2483 483 2532 grammaticae
506 2482 797 2532 comparativae
828 2482 919 2519 nixa
949 2481 1099 2519 initium
1122 2480 1237 2518 faciet
1268 2493 1290 2518 a
1312 2480 1512 2528 principali

37 2549 226 2599 cuiusque
257 2550 368 2588 verbi
399 2550 571 2599 notione,
609 2562 708 2599 quae
747 2562 793 2587 ex
825 2549 933 2587 verbi
966 2549 1004 2586 in
1036 2548 1198 2597 siugulis
1227 2548 1368 2595 linguis
1400 2546 1511 2583 Indo-

36 2617 269 2666 germanicis
291 2617 647 2668 significationibus
675 2617 858 2666 cognosci
887 2619 1027 2666 potest.
1085 2617 1214 2665 Atque
1245 2618 1361 2664 prout
1391 2615 1511 2662 prima

149 2737 177 2779 ¹)
207 2736 248 2770 Iu
275 2736 535 2771 commentario
559 2736 605 2771 ad
631 2735 759 2770 Aiacis
784 2745 816 2769 v.
837 2738 911 2768 250.

148 2792 176 2836 2)
203 2792 307 2838 Synt.
331 2803 365 2836 p.
385 2795 459 2827 340.
