1830 3201
298 196 349 231 74

988 316 1014 365 ἓ
1045 316 1080 356 2.

624 402 691 445 De
722 403 879 444 verbis
912 402 1134 456 primitus
1166 403 1448 445 transitivis.

421 496 569 546 Relego
610 496 659 534 ad
701 509 763 546 ea,
813 510 914 547 quae
955 498 992 535 in
1035 497 1197 536 exordio
1246 498 1384 547 capitis
1424 499 1586 537 secundi
1635 499 1681 537 de
1719 499 1775 537 eis

297 564 473 613 exposuL

500 651 538 692 Α.
592 650 645 692 De
679 651 725 692 iis
757 651 901 702 verbis,
934 651 1075 704 quibus
1107 651 1210 694 inest
1242 652 1346 695 notio
1378 653 1567 695 movendi.

709 739 748 782 1.
809 740 1036 795 ἐκφέρω;
1075 737 1364 796 ’ὑπεκφέραλ

410 824 558 861 Horum
593 824 799 873 utriusque
830 824 939 863 verbi
969 825 1217 862 intransitiva
1248 827 1424 874 potestas
1454 824 1559 874 apud
1583 826 1695 863 Hom.
1722 826 1775 864 in-

267 940 270 943 ·
297 891 466 929 venitur.
525 891 641 929 Verbi
675 894 813 930 contra
845 892 1031 942 simplicIS
1063 892 1308 942 aliorumque
1336 893 1639 942 compositorum
1663 882 1776 939 siva„

298 955 400 1006 ὁ“ια-,
429 954 641 1009 προφέρω
673 961 744 997 etc.
776 960 1048 998 intransitivus
1081 971 1174 998 usus
1212 959 1383 998 nondum
1414 959 1518 1010 apud
1552 961 1776 1007 Homerum,

298 1026 366 1064 sed
398 1026 501 1076 apud
534 1026 841 1075 posthumericos
873 1027 1087 1076 scriptores
1120 1027 1222 1065 haud
1254 1027 1308 1064 ita
1338 1039 1427 1065 raro
1459 1027 1613 1076 legItur.
1673 1028 1776 1075 Quin

298 1094 547 1131 intransitiva
589 1094 694 1131 notio
740 1094 934 1142 posterior
977 1095 1025 1132 sit
1065 1093 1291 1143 transitiva,
1337 1094 1507 1132 dubItari
1550 1095 1686 1144 nequit
1728 1095 1776 1132 ob

298 1174 381 1199 eam
425 1173 602 1210 eausam,
650 1161 754 1210 quod
792 1164 945 1199 ceterae
975 1162 1134 1211 linguae
1170 1161 1519 1210 Indogermanicae
1550 1162 1605 1200 eis
1636 1162 1776 1208 verbis,

298 1241 399 1278 quae
432 1228 551 1267 verbo
576 1229 727 1267 Graeco
751 1224 871 1279 φέρω
899 1229 1151 1278 respondent,
1181 1241 1335 1278 semper
1357 1230 1571 1267 transitivis
1601 1232 1777 1268 utuntur.

411 1308 786 1347 Commemoratione
838 1307 999 1358 dignum
1051 1308 1206 1346 videtur
1257 1308 1539 1346 intransitivam
1590 1308 1778 1358 significa-

298 1377 439 1414 tionem
472 1379 510 1414 et
540 1375 651 1414 verbi
683 1370 853 1425 ἐκφέρω
884 1378 1033 1414 tantum
1063 1375 1102 1414 in
1124 1375 1295 1413 carmine
1317 1375 1381 1413 illo
1404 1375 1538 1413 iliadis
1560 1376 1777 1414 recentiore

306 1442 346 1480 Ψ
374 1445 412 1481 et
443 1443 552 1481 verbi
574 1431 811 1492 ὑπεκφὲρω
843 1443 880 1481 in
902 1442 1155 1482 Telemacbia
1186 1455 1301 1492 quam
1334 1445 1490 1492 vocant,
1516 1444 1608 1481 satis
1629 1443 1776 1481 recenti

299 1510 502 1561 Odysseae
534 1514 658 1561 parte,
691 1512 830 1550 inesse.

410 1590 660 1628 Transitivus
703 1602 796 1628 vero
844 1601 936 1628 usus
988 1589 1192 1639 utriusque
1243 1589 1351 1627 verbi
1401 1589 1523 1627 multo
1572 1590 1778 1639 praevalet
1829 1620 1830 1623 η

299 1658 405 1708 apud
436 1658 547 1696 Hom.

411 1736 445 1762 α.
498 1720 699 1775 ἐκφέρω
740 1728 880 1774 quater
921 1724 1052 1762 decies
1093 1725 1299 1763 transitive
1339 1724 1558 1774 adhibetur,
1603 1727 1662 1762 ter
1694 1726 1776 1761 tan-

299 1794 497 1832 tummodo
539 1793 785 1831 intransitive
827 1793 886 1830 his
927 1793 1022 1831 locis
1062 1792 1149 1830 libri
1194 1790 1245 1829 ²Is:
1296 1795 1375 1831 376
1418 1786 1459 1828 αἱ
1496 1784 1776 1842 Φηρητιάδαο

298 1854 524 1906 ποδώκεες
556 1856 744 1910 ἔκφερον
776 1844 924 1909 i'mwz}
985 1864 1062 1899 377
1097 1853 1174 1905 τὰς
1206 1855 1250 1897 ὁὲ
1280 1850 1371 1908 μέτ)
1403 1853 1648 1908 ἐξέφερονῙ)
1681 1856 1777 1896 Διο-
1825 1871 1830 1897 ἰ

297 1924 457 1981 μήὸεος
489 1922 664 1980 ἄρσενες
696 1923 842 1979 ἵπποις
895 1932 972 1968 759
1006 1920 1152 1978 ἔκφερ’
1176 1918 1395 1979 Όιλιάδης.
1466 1927 1617 1974 Quibus
1653 1927 1777 1965 tribus
1825 1921 1827 1943 ³

298 1999 392 2037 locis
432 1998 592 2036 verbum
625 1997 846 2048 significare
893 2008 1121 2045 „erumpere
1152 2008 1171 2034 e
1205 1996 1430 2034 carceribus
1462 1993 1687 2033 cursorum“
1722 1995 1777 2032 in-

299 2066 433 2104 dicant
464 2067 501 2104 iu
533 2066 605 2104 lex.
637 2066 717 2104 suis
749 2064 985 2115 Stephanus,
1015 2063 1240 2112 Passevius,
1270 2064 1431 2113 Papius3
1477 2062 1647 2101 Seilerus
1677 2062 1778 2100 hanc

299 2135 624 2184 significationem
672 2132 711 2172 Ψ
732 2136 810 2173 759
852 2131 1123 2171 tantummodo
1163 2132 1326 2170 subesse
1366 2132 1489 2180 putat.
1558 2130 1622 2178 At,
1663 2129 1777 2168 sicuti

300 2214 320 2240 e
358 2201 609 2240 similitudine
650 2203 856 2239 contextus
894 2202 1072 2249 apparet,
1117 2211 1251 2236 omnes
1281 2201 1361 2235 tres
1391 2198 1463 2236 loci
1495 2196 1630 2235 eodem
1662 2196 1776 2235 modo

300 2272 392 2307 sunt
433 2268 700 2318 intellegendi.
765 2269 849 2306 Nec
885 2270 1014 2306 tamen
1046 2267 1208 2305 verbum
1240 2265 1344 2303 valet
1378 2277 1608 2314 „erumpere
1640 2277 1660 2303 e
1692 2277 1778 2302 car-

301 2337 495 2376 ceribus“.
575 2336 689 2385 Quod
739 2339 877 2385 putare
926 2347 998 2374 nos
1047 2336 1182 2373 vetant
1225 2333 1290 2371 illa
1334 2331 1610 2371 antecedentia
1659 2324 1776 2382 ἄφαρ

414 2480 440 2519 ¹)
479 2478 555 2512 Hoc
592 2478 672 2512 loco
707 2477 859 2512 verbum
895 2473 1166 2521 μετεξέφερον,
1205 2484 1311 2518 quam
1344 2474 1532 2509 lectionem
1570 2474 1776 2518 complures

299 2535 480 2580 praebent
510 2534 655 2569 codices
688 2533 974 2577 Eustathiusque
1005 2533 1145 2576 probat,
1182 2541 1255 2565 non
1287 2540 1367 2565 esse
1398 2530 1672 2574 agnoscendum
1707 2530 1776 2564 iam

300 2592 514 2636 Spitznerus
540 2591 585 2625 ad
611 2590 644 2625 h.
663 2590 683 2625 l.
710 2590 911 2634 prudenter
934 2589 1076 2623 monuit
1108 2587 1346 2631 exemplaque
1372 2587 1601 2631 postpositae
1625 2596 1777 2630 praepo-

301 2648 445 2683 sitionis
471 2648 604 2682 attulit.
654 2643 895 2691 Μετεκφέρω
921 2646 958 2680 in
983 2645 1163 2680 universis
1188 2644 1406 2679 Graecorum
1432 2643 1566 2678 litteris
1597 2652 1775 2686 nusquam

301 2705 490 2749 reperitur.
544 2704 648 2748 Papii
678 2703 740 2737 illa
771 2703 962 2737 adnotatio
995 2713 1023 2738 s.
1047 2713 1079 2737 v.
1109 2697 1337 2745 μετεκφέρω
1372 2699 1540 2741 „heraus-
1570 2699 1646 2732 und
1677 2697 1776 2742 fort,

301 2772 357 2795 wo
389 2761 521 2795 anders
555 2760 614 2794 hin
647 2764 796 2802 tragen“
828 2760 863 2793 in
897 2759 992 2793 hunc
1022 2759 1152 2801 locum,
1185 2761 1225 2791 ut
1256 2766 1393 2791 mecum
1425 2755 1600 2799 fatebere,
1629 2754 1775 2789 omnino

301 2827 374 2853 non
399 2816 568 2861 quadrat,
