1815 3231
1423 183 1444 216 3
1451 181 1472 216 6
1479 182 1501 214 3

137 291 255 328 Immo
299 304 416 329 111111111
458 296 607 329 tantum
650 292 843 329 scholium
886 294 1024 339 exstat,
1065 291 1167 340 quod
1208 290 1375 339 quadani
1415 303 1501 327 611111

23 357 299 407 probabilitate
331 358 536 396 Hellanico
568 359 708 408 aliquis
740 359 861 408 possit
893 359 1082 396 tribuere:

138 423 206 472 20)
251 424 378 464 Schol.
402 428 497 464 Itan.
522 429 611 465 720.
663 427 749 463 Duo
780 426 828 463 ad
864 426 966 463 hunc
996 438 1152 463 vorsum
1185 425 1384 473 adscripta
1417 428 1507 462 sunt

24 493 188 531 scholia:
220 495 232 530 l
262 498 355 539 τοῖς
373 493 554 543 χαλκοῖς
576 490 806 543 νομίσμασι
841 491 875 541 (6
899 495 1061 531 (10111661.
1086 494 1298 543 lsslaydcsii3
1321 492 1367 530 cs.
1391 490 1506 540 edit),

24 565 116 605 τοῖς
141 551 366 610 ἀδοκίμοις
387 558 459 598 καὶ
481 557 753 611 ιιεμιγμέιοις
773 559 936 611 χαλκῶ.
972 562 1005 598 ll
1028 552 1087 606 (ὃς
1108 556 1179 597 ἐπὶ
1205 553 1504 610 ιοαισμιέτωι·

21 625 180 678 χαλκίοι
213 620 273 674 ὡς
302 626 458 679 χρυσία
492 623 643 679 ἔλεγον
672 627 735 665 τῶ
764 622 943 678 σχήματι
977 624 1175 678 (ι’-011.ἐπὶ
1196 640 1231 664 τ.
1257 627 1337 676 σχ.)
1366 625 1508 676 χαλκι(

27 689 384 747 σκε(.ἠ.1’”11·ὁὲ
415 710 474 741 ως
505 691 645 733 κακὼ
676 690 862 746 1όμισαα
893 690 944 733 τι)
974 693 1170 745 χουσοῧι
1201 686 1344 732 offm-
1376 687 1507 732 ῖῖπευ.

28 756 208 801 δύναιτο
241 754 280 800 δ’
302 776 355 801 ((1
385 761 457 801 καὶ
479 758 531 801 τὸ
552 763 749 814 χαλκοῖν
770 761 922 814 λέγειν.
966 759 1036 801 ἐπὶ
1072 759 1268 801 Kamai
1300 756 1381 813 γὰρ
1410 762 1507 812 χαλ-

26 829 141 869 κοῦν
162 825 349 882 νόμισμα
372 823 532 882 {zoam
569 832 616 870 cf.
638 833 866 870 IIultschius
902 833 924 869 l.
953 846 985 869 a.
1013 834 1104 870 228.
1155 832 1233 868 Iam
1265 844 1348 869 cum
1379 831 1508 879 paullo

27 903 116 938 ante
154 900 201 937 ad
239 912 397 938 versum
432 904 510 939 720
549 901 595 938 (16
634 900 742 938 simili
782 913 823 937 re
863 899 1077 937 nummaria
1114 899 1205 936 anni
1243 898 1510 936 antecedentis

28 968 274 1006 Ilellanic-um
314 971 351 1005 et
387 968 664 1006 Philochorum
705 967 904 1005 videamus
947 968 994 1004 ab
1034 967 1169 1005 eodem
1208 966 1374 1014 Didymo
1420 978 1510 1003 con-

29 1036 151 1073 sultos
183 1047 279 1084 esse,
310 1035 384 1073 hoc
416 1048 575 1084 quoque
607 1035 799 1073 scholium
833 1036 1010 1072 haustum
1045 1037 1104 1072 est
1135 1037 1203 1071 aut
1235 1047 1281 1071 ex
1314 1033 1508 1070 Hellanici

29 1106 97 1141 aut
128 1116 147 1141 e
171 1103 398 1141 Philochori
421 1103 583 1141 Atthide
615 1106 682 1140 aut
714 1103 921 1151 utriusque
943 1102 1040 1139 liber
1072 1102 1269 1139 adhibitus
1301 1104 1374 1148 est3
1407 1101 1509 1150 quod

30 1172 207 1220 quamvis
240 1175 347 1209 certo
380 1171 585 1208 diiudicari
617 1175 799 1220 nequeat,
838 1170 1019 1219 equidem
1059 1169 1275 1219 praeferam
1308 1169 1512 1206 Philocho-

29 1252 126 1285 rum,
164 1244 206 1277 ut
237 1239 499 1288 fragmentum
540 1240 706 1276 inseram
748 1239 847 1276 inter
886 1239 969 1275 eius
1002 1238 1218 1286 fragmenta
1250 1240 1328 1275 120
1357 1239 1394 1274 et
1425 1239 1514 1274 121.

32 1309 167 1357 Usque
204 1320 249 1345 60
280 1308 401 1356 igitur
439 1307 512 1344 iam
552 1307 750 1356 progressi
787 1319 920 1344 sumus
951 1326 1005 1331 —
1037 1308 1075 1344 et
1110 1317 1225 1353 spero
1265 1318 1322 1342 me
1355 1316 1513 1354 persua-

30 1377 126 1414 sisse
157 1376 369 1424 legentium
401 1374 539 1412 animis
573 1395 622 1399 —
656 1377 697 1412 ut
729 1387 774 1412 ea
810 1387 911 1423 quae
943 1376 1093 1411 restant
1124 1373 1281 1420 scholia,
1318 1373 1363 1409 iis
1395 1373 1514 1410 virtu-

32 1443 134 1482 tibus
165 1442 345 1492 praedita
376 1455 478 1492 quae
502 1445 619 1480 antea
641 1443 818 1491 exposui,
850 1443 917 1478 aut
945 1440 1232 1478 Androtioni
1265 1442 1332 1477 aut
1358 1438 1514 1476 Philo-

33 1513 176 1550 choro
208 1511 435 1549 tribuamus.
494 1511 574 1548 Iam
603 1522 720 1559 porro
744 1509 968 1559 procedam.
1027 1509 1127 1546 Nam
1160 1509 1324 1556 primum
1358 1506 1514 1556 quidem

32 1592 152 1629 saepe
173 1580 275 1617 inter
292 1591 333 1617 se
352 1579 605 1616 consentiunt
622 1577 842 1616 Androtion
863 1580 900 1614 et
917 1576 1179 1614 Philochorus
1199 1578 1335 1613 contra
1353 1573 1517 1612 atthido-

35 1648 276 1698 graphorum
310 1645 633 1684 consuetudinem
666 1645 746 1694 qui,
779 1645 1014 1693 ubicumque
1037 1643 1117 1681 fieri
1143 1643 1282 1692 potuit,
1313 1642 1517 1680 dissentire

35 1717 135 1754 alter
167 1716 216 1753 ab
247 1715 372 1752 altero
409 1713 598 1752 solebant.
657 1713 808 1750 Deinde
841 1715 968 1749 autem
1007 1711 1127 1749 schol.
1146 1712 1260 1760 Vesp.
1283 1712 1376 1757 947,
1413 1708 1517 1758 quod

37 1784 85 1822 ad
118 1784 222 1822 hanc
253 1795 332 1820 rem
372 1782 526 1819 maximi
567 1781 748 1819 momenti
788 1783 856 1827 est,
898 1779 1088 1828 Didymus
1120 1798 1173 1803 —
1205 1791 1289 1816 nam
1330 1777 1377 1814 ad
1416 1777 1519 1814 hunc

36 1862 171 1889 omnes
204 1849 392 1888 eiusmodi
424 1860 488 1886 res
518 1847 747 1886 referendas
769 1859 851 1885 esse
885 1847 958 1883 iam
991 1858 1095 1883 nunc
1126 1845 1398 1894 unusquisque
1430 1856 1519 1881 6011-

38 1918 153 1957 cedet
184 1939 237 1942 —
269 1929 352 1955 eam
375 1917 476 1954 viam
507 1915 665 1953 videtur
696 1915 900 1963 ingressus
933 1926 1028 1963 esse,
1060 1917 1101 1951 ut
1124 1914 1289 1962 primum
1311 1912 1520 1949 Philocho-

37 2000 135 2036 rum,
166 1988 365 2034 tamquam
399 1996 484 2022 eum
524 1983 590 2032 qui
622 1983 733 2032 plura
764 1982 946 2031 praebuit
977 1984 1014 2019 et
1044 1980 1271 2018 notiSsimus
1302 1983 1398 2028 erat,
1430 1991 1518 2016 con-

38 2054 216 2101 suluerit,
261 2051 401 2090 deinde
433 2050 728 2097 Audi-ctionem,
766 2050 871 2087 alios.
944 2048 1069 2096 Quam
1112 2048 1302 2085 rationem
1348 2059 1432 2084 cum
1473 2046 1520 2082 ad

39 2122 114 2160 alia
143 2132 303 2170 quoque
334 2118 619 2157 transferamus
651 2117 796 2155 scholia
827 2137 878 2142 —-
911 2120 949 2154 et
970 2117 1097 2153 statim
1121 2127 1241 2153 unum
1269 2114 1522 2152 tractabimus

41 2188 208 2227 eundem
241 2188 278 2225 in
311 2185 468 2224 modum
501 2187 768 2233 comparatum
801 2203 854 2208 —
885 2184 967 2221 sive
998 2182 1254 2221 Androtionis
1285 2193 1423 2219 nomen
1457 2180 1522 2218 ad-

42 2257 167 2295 iunxit
198 2255 478 2305 grammaticus
515 2254 598 2291 sive
629 2253 767 2297 omisit,
806 2252 897 2300 quia
934 2263 1021 2288 cum
1052 2250 1288 2288 Philochoro
1328 2248 1524 2286 consensit

45 2328 113 2363 aut
144 2324 237 2374 quia
268 2335 355 2361 eum
388 2334 466 2360 non
498 2321 678 2370 inspexit,
710 2332 853 2357 novum
886 2319 1005 2356 habes
1029 2320 1300 2367 argumentum
1333 2329 1402 2354 cur
1433 2316 1525 2352 talia

43 2392 192 2430 scholia
223 2391 325 2429 bona
345 2389 421 2428 fide
453 2389 688 2426 Philochoro
720 2387 880 2425 tribuas.
941 2385 1011 2424 Cui
1034 2386 1088 2423 rei
1111 2383 1340 2434 probandae
1372 2383 1524 2420 tertiam

45 2459 264 2497 muniemus
295 2458 396 2495 viam
428 2469 521 2501 eam,
559 2458 602 2493 ut
640 2454 760 2492 semel
796 2454 902 2491 bisve
939 2453 1023 2491 aliis
1061 2453 1189 2490 causis
1227 2450 1526 2489 corroboremus

43 2539 180 2565 verum
203 2538 290 2564 csse
321 2525 397 2563 hoc
427 2523 633 2571 iudicium3
664 2525 757 2559 tunc
780 2533 890 2559 nemo
913 2521 996 2569 erit,
1027 2523 1134 2569 puto,
1165 2520 1230 2569 qui
1253 2518 1405 2556 dubitet
1432 2518 1525 2566 quin

45 2593 224 2644 profecto
262 2593 391 2631 omnia
422 2590 569 2629 scholia
609 2589 657 2627 de
694 2588 837 2638 quibus
873 2587 988 2626 modo
1027 2599 1111 2625 sum
1148 2589 1308 2624 acturus
1345 2597 1365 2623 e
1396 2585 1527 2622 Philo·

47 2661 155 2700 chori
185 2659 347 2698 Atthide
377 2659 519 2696 hausta
549 2658 637 2695 sint,

160 2726 229 2773 21)
271 2725 332 2764 Ad
364 2725 468 2764 Nub.
490 2727 569 2764 549
598 2723 675 2762 duo
703 2723 823 2761 habes
850 2722 997 2760 scholia
1028 2722 1043 2759 Ι
1075 2722 1098 2759 l.
1123 2722 1269 2766 1—18‚
1301 2720 1336 2757 II
1367 2719 1529 2756 alterius

47 2795 286 2834 recensionis
317 2793 382 2841 (cf.
414 2792 622 2841 Zacherus,
652 2792 675 2828 l.
702 2804 734 2828 a.
765 2803 801 2839 p.
824 2792 904 2829 650
918 2802 1015 2839 sqq„
1046 2787 1142 2834 692)
1175 2789 1199 2826 l.
1223 2789 1395 2826 19—27.
1456 2786 1528 2823 Hic

138 2869 229 2900 Diss.
248 2868 326 2899 Hal.
344 2869 408 2898 XI.
1284 2862 1325 2894 24
