1830 3201
280 171 330 208 66

278 281 421 330 cipalis
444 281 622 318 inhaeret
645 280 702 318 vis
724 280 882 318 fluendi.
928 280 1053 327 Quam
1076 279 1125 317 ad
1148 278 1320 317 radicem
1342 279 1500 317 verbum
1526 273 1624 330 ῥέα),
1655 279 1761 328 quod

283 348 447 387 eandem
479 347 553 384 vim
586 347 764 396 profecto
796 348 970 396 praebet,
1001 348 1039 385 in
1071 348 1205 395 lingua
1236 346 1387 384 Graeca
1418 347 1599 396 pertinet.

395 427 521 465 Etiam
545 426 700 465 duobus
723 427 819 465 locis
840 427 999 465 Homeri
1021 424 1059 464 Α
1078 428 1158 465 303
1182 441 1233 455 =
1256 436 1289 462 π
1307 428 1385 464 441
1410 425 1448 463 111
1470 425 1590 464 verbo
1614 420 1762 476 ἐρωέω

282 495 330 533 ad
372 495 474 533 hauc
512 495 672 544 stirpem
710 498 913 545 spectante
952 493 1086 532 eadem
1131 493 1237 532 notio
1277 496 1436 532 servata
1472 496 1541 532 est.
1602 495 1763 531 Verum-

284 566 413 601 tamen
445 563 543 601 haec
574 563 700 612 prima
727 564 832 601 notio
864 564 901 601 in
933 563 1107 609 vocibus,
1149 574 1249 612 quae
1281 562 1331 600 ad
1362 563 1520 611 stirpem
1553 555 1683 613 Q‘oef1)
1715 575 1763 601 ex

285 625 371 681 'jos
386 631 616 681 productam
640 630 840 679 recedunt,
872 631 1103 681 plerumque
1132 632 1169 668 in
1191 631 1472 680 generaliorem
1484 629 1515 677 ἲ)
1538 631 1613 668 vim
1637 631 1763 669 cuius-

284 701 341 737 vis
383 699 623 738 vehementis
662 702 790 737 motus
830 711 871 737 se
917 700 1081 737 vertisse
1124 698 1293 738 videtur.
1364 699 1449 737 Hoc
1491 699 1678 748 imprimis
1716 712 1763 737 ex

284 767 568 816 significatione
600 768 765 805 nominis
797 757 911 817 ἐρωή
947 770 1155 816 comparet,
1193 766 1231 804 in
1264 779 1340 816 quo
1373 767 1447 804 iam
1482 779 1673 816 nusquam
1706 779 1763 805 re-

285 838 393 873 tenta
429 838 486 873 est
523 834 755 884 significatio
796 835 863 871 illa
900 837 1056 873 vetusta
1087 833 1247 872 fluendi.
1307 834 1489 872 Plurimis
1519 831 1628 883 {enim
1668 834 1764 872 locis

287 903 335 941 de
365 903 468 941 iactu
501 906 727 952 usurpatur,
758 901 865 941 1⁷62
899 915 992 941 vero
1025 904 1063 940 et
1085 901 1226 941 N590
1258 901 1306 939 de
1338 902 1374 939 vi
1407 901 1598 951 vibrandi,
1630 899 1662 939 Δ
1684 903 1763 940 542

287 971 335 1008 de
366 971 526 1020 impetu.
1496 960 1504 971 ’

403 1038 580 1076 Alteram
622 1039 751 1075 autem
794 1049 927 1076 vocem
971 1038 1183 1086 etymologi
1223 1037 1297 1086 illi,
1338 1049 1438 1086 quos
1480 1049 1601 1086 supra
1643 1037 1765 1075 nomi·

287 1106 389 1155 navi,
425 1106 696 1154 repetiverunt
735 1105 782 1142 ab
820 1117 864 1142 ea
902 1104 1049 1153 radice,
1089 1117 1190 1154 quae
1231 1105 1322 1143 olim
1355 1104 1594 1154 significasse
1626 1104 1765 1143 dicitur

286 1175 525 1224 „quiescere,
552 1168 778 1211 desistere“.
835 1174 1021 1211 Nostrum
1047 1173 1280 1211 vocabulum
1304 1168 1461 1222 ,‚Ruhe“
1489 1175 1531 1211 ut
1557 1175 1763 1221 cognatum

288 1253 375 1278 cum
399 1241 551 1279 Graeco
583 1233 697 1291 ἐρωή
729 1240 814 1278 iure
846 1241 1063 1290 meritoque
1094 1238 1302 1283 affe1·t111·.3)
1364 1239 1509 1278 Eadem
1532 1239 1765 1289 significatio

288 1310 396 1348 vocis
427 1301 541 1359 ἐρωή
573 1309 720 1358 „Ruhe,
752 1308 985 1346 Aufh61·en“
1023 1308 1105 1346 sola
1136 1311 1194 1346 est
1225 1307 1516 1345 accommodata
1546 1307 1640 1345 locis
1672 1307 1766 1346 duo-

288 1378 360 1415 bus
384 1377 516 1415 Iliadis
551 1371 592 1414 II
610 1379 689 1416 302
713 1391 764 1406 =
788 1375 826 1413 P
846 1379 921 1414 761
956 1371 1154 1425 πολέμου
1178 1364 1215 1412 δ’
1238 1366 1291 1412 οὗ
1313 1364 1470 1425 γίγνετ’
1491 1365 1618 1426 ἐρωή,
1649 1387 1764 1424 quam

288 1445 526 1483 locutionem
550 1445 610 1482 Et.
632 1445 762 1493 Magn.
785 1446 875 1490 380,
894 1446 945 1482 45
977 1444 1078 1481 bene
1100 1443 1290 1481 intellexit
1312 1443 1515 1493 explicans
1536 1435 1617 1494 τὴν
1637 1435 1766 1480 κατά-

288 1519 453 1550 παυσιν
489 1509 571 1549 τοῦ
601 1507 813 1561 πολέμου.
884 1511 1121 1549 Theocritus
1157 1523 1294 1560 porro,
1339 1511 1405 1560 qui
1439 1513 1502 1560 22,
1536 1513 1612 1550 1952
1652 1510 1767 1549 huius

286 1593 424 1619 versus
460 1581 606 1619 exitum
640 1583 775 1630 aperte
807 1580 980 1618 imitatus
1012 1581 1080 1624 est,
1112 1571 1226 1629 ἐρωή
1259 1591 1335 1617 non
1369 1579 1483 1617 aliter
1515 1579 1587 1616 nisi
1620 1578 1666 1617 de
1688 1590 1767 1617 ces·

286 1650 437 1688 satione
466 1649 720 1698 usurpavisse
746 1650 884 1697 potest.
945 1647 1019 1685 Sed
1044 1659 1114 1696 pro
1136 1647 1210 1684 hac
1232 1647 1553 1697 interpretatione
1575 1659 1767 1685 commen-

287 1717 354 1755 dat
383 1717 503 1754 schol.
525 1718 560 1754 D
582 1716 631 1754 ad
655 1714 700 1753 H
717 1718 795 1754 302
829 1713 912 1752 νῦν
934 1703 1068 1764 ὁρμή.
1101 1707 1187 1751 ἔστι
1213 1709 1257 1751 δὲ
1286 1705 1360 1751 ὅτε
1388 1710 1461 1751 καὶ
1482 1707 1562 1765 τὴν
1584 1703 1768 1764 ἡσυχίαν

286 1782 358 1823 καὶ
392 1775 640 1823 ἀνάπαυσιν
673 1781 810 1836 δηλοῖ,
841 1788 959 1833 atque
982 1783 1215 1832 Ebelingius
1246 1784 1285 1821 in
1318 1783 1394 1821 lex.
1417 1783 1466 1821 ad
1488 1783 1562 1821 hoc
1585 1783 1765 1821 adnotat:

292 1857 433 1904 „atque
466 1857 571 1892 certe
603 1854 752 1891 minore
782 1853 820 1890 in
848 1855 1002 1902 tempus
1025 1863 1111 1889 cum
1135 1852 1171 1889 vi
1194 1852 1460 1901 pugnabatur,
1491 1851 1563 1889 etsi
1587 1863 1664 1889 non
1689 1864 1767 1889 om-

287 1923 378 1960 nino
411 1922 620 1960 cessabant
650 1923 887 1971 pugnantes,
919 1931 1041 1969 quare
1074 1919 1233 1957 dubium
1257 1931 1341 1957 esse
1363 1921 1504 1969 potest,
1536 1921 1625 1957 utra
1647 1919 1767 1957 inter-

288 1991 456 2039 pretatio
488 1988 749 2039 praeferenda
780 1988 868 2026 sit“.
926 1988 978 2025 At
1009 1999 1082 2036 ego
1115 1987 1206 2024 mihi
1236 1987 1412 2035 persuasi
1442 1986 1545 2024 illam
1568 1986 1710 2024 scholii
1732 1987 1766 2023 D

288 2057 649 2107 interpretationem
694 2048 822 2106 ἐρωή.
866 2045 976 2105 ὁρμή
1020 2052 1221 2103 (impetus)
1263 2054 1434 2102 ineptam
1477 2065 1561 2091 esse
1603 2056 1767 2103 propter

288 2127 519 2174 sequentem
547 2124 853 2161 enuntiationem
883 2122 1075 2160 causalem
1107 2110 1160 2158 οὐ
1190 2111 1272 2171 γάρ
1304 2114 1376 2158 πώ
1404 2132 1446 2157 τι
1481 2118 1619 2170 Τρῶες
1654 2110 1768 2171 ἀρηι-

288 2188 431 2240 milon)
451 2181 524 2229 ὑπ’
544 2181 723 2241 Ἀχαιῶν
751 2186 757 2240 1
780 2182 1100 2240 προτροπάδην
1123 2184 1356 2237 φοβέοντο.
1416 2189 1501 2226 Ν60
1522 2188 1644 2238 magis
1666 2188 1768 2226 eius-

289 2258 375 2297 dem
407 2258 543 2297 scholii
573 2257 850 2307 interpretatio
882 2256 921 2294 P
940 2259 1017 2295 761
1052 2255 1246 2294 convenit.

401 2337 590 2375 Consulto
621 2336 660 2374 in
692 2336 763 2374 hos
794 2336 902 2373 locos
933 2334 1160 2384 diligentius
1191 2332 1278 2371 ideo
1309 2331 1513 2382 inquisivi,
1553 2335 1596 2370 ut
1626 2343 1767 2370 nomen

405 2458 430 2497 ¹)
463 2455 517 2489 Cf.
537 2453 779 2488 Vanicekium
800 2453 845 2496 II,
868 2456 963 2487 1211.

401 2512 426 2555 2)
463 2510 553 2544 Rem
587 2508 852 2553 propemodum
890 2518 934 2542 ex
966 2507 1148 2542 contrario
1186 2516 1224 2541 se
1258 2505 1430 2540 habuisse
1466 2505 1630 2546 Fickius‚
1662 2505 1707 2539 Κ.
1731 2505 1767 2539 Z.

289 2568 407 2610 XXII,
425 2570 488 2602 375
515 2567 633 2600 docet.
681 2565 754 2600 Sed
787 2565 830 2599 de
857 2575 900 2599 eo
933 2564 1023 2598 nihil
1048 2563 1141 2597 firmi
1173 2573 1214 2597 ac
1245 2562 1334 2596 certi
1365 2561 1448 2596 sciri
1479 2565 1614 2605 potest.
1663 2560 1768 2602 Quod

290 2629 411 2658 tamen
435 2623 496 2657 ille
523 2632 667 2666 quoque
685 2622 740 2656 vir
764 2621 1023 2665 grammaticae
1048 2619 1318 2663 comparativae
1344 2617 1587 2662 gual-issimus
1612 2617 1770 2659 denegat

289 2681 439 2714 alteram
464 2679 651 2713 notionem
676 2678 785 2712 huius
810 2678 925 2721 verbi,
950 2686 1079 2721 nempe
1105 2674 1328 2720 quiescendi,
1362 2684 1406 2708 ex
1431 2675 1545 2709 altera
1570 2673 1606 2706 vi
1631 2672 1767 2707 fluendi

290 2745 400 2780 posse
426 2735 594 2778 derivari,
618 2734 657 2768 id
681 2733 888 2778 gravissimi
913 2732 1085 2767 momenti
1110 2733 1179 2767 est.

403 2793 432 2834 8)
464 2790 518 2825 Cf.
545 2790 653 2825 etiam
678 2789 852 2834 Klugium
879 2800 907 2824 s,
925 2798 961 2823 v.
982 2787 1140 2832 „Ruhe“.
