1815 3231
1424 196 1497 231 381

22 299 149 355 γορίᾳ
181 297 403 355 ἐχρήσατο.
456 297 553 341 miri>
593 295 672 354 γὰρ
706 295 834 355 ἦρχεν
873 295 1076 354 Ἀμυνία.-
1115 304 1197 341 τοῦ
1238 299 1504 354 Προνάπους

24 363 117 414 υἱός
149 371 408 417 (IJindoi-fius:
440 373 468 408 V
491 370 566 423 τῆς
588 370 737 421 upon,
770 372 875 421 quod
905 373 1042 410 t'alsnni
1072 377 1138 410 est.
1200 374 1401 422 l'ronapcs
1435 373 1503 409 viri

24 450 164 475 nomen
195 451 279 476 esse
307 439 447 488 probat
478 441 635 477 lsocrat.
663 441 762 488 x'lll,
789 439 865 485 18).
897 435 990 477 ἐπεὶ
1013 427 1092 477 οὖν
1121 434 1225 485 τοῖς
1250 431 1505 490 .”1ι9·7μ»αίοι·ς

23 499 245 556 πρότερον
275 503 508 556 κωμῳδεῖν
538 501 618 544 τὸν
650 500 842 557 ἄρχοντα
874 498 896 543 ὁ
921 502 1055 558 νόμος
1087 502 1306 545 ἐκώλυσεν
1330 499 1503 556 ἀφαιρέ-

25 582 92 610 σαι
124 570 204 624 μὲν
234 573 317 611 τοῦ
354 587 380 620 ι,
416 572 745 624 προστεθέντος
784 571 827 613 (δὲ
867 573 944 612 τοῦ
981 589 1001 612 ι’
1039 572 1323 625 παρατρέψας
1355 567 1505 625 ὀλίγον

29 631 234 690 Ἀμυνίαν
265 633 404 678 ιιιῗτόν
435 635 555 679 εἶπεν
592 632 690 679 ἀντὶ
721 641 801 679 τοῦ
838 633 1056 693 Ἀμεινίαν.
1122 645 1192 681 llic
1225 645 1390 693 primum
1424 644 1505 692 qui-

26 709 114 746 dem
148 721 258 747 error
290 710 487 748 notandus
518 714 592 759 est,
631 712 770 748 etenim
812 711 917 760 quod
954 712 1046 749 dicit
1076 712 1304 749 scholiastes
1341 712 1503 749 alterum

26 788 110 815 esse
151 777 357 826 Amyniam
400 779 591 827 Pronapis
634 778 772 822 filiuni,
822 779 984 816 alterurn
1028 792 1113 816 eum
1163 779 1209 816 dc
1249 791 1326 828 quo
1368 783 1507 827 agatur

27 845 143 894 Vesp.
174 848 291 894 1267,
329 845 380 883 ibi
419 858 576 895 quoqne
616 847 652 883 in
692 846 848 884 scholiis
887 847 1075 895 Amynias
1114 850 1276 884 vocatur
1314 847 1507 895 Pronapis

25 911 143 950 filins:
177 917 262 950 orta
285 918 344 951 est
374 916 454 951 tota
481 914 715 952 scholiastae
737 915 899 952 scicntia
931 927 978 952 ex
1002 914 1275 964 Aristophanis
1307 916 1421 964 Vesp.
1445 917 1507 962 74,

27 980 90 1018 ubi
122 981 315 1030 Pronapis
352 981 471 1019 filium
510 994 597 1020 eum
636 986 751 1020 vocat
789 986 914 1031 poeta.
973 983 1085 1022 Stare
1117 984 1235 1031 igitur
1272 995 1347 1020 non
1381 986 1509 1032 potest

26 1048 261 1087 scholiastae
294 1049 423 1098 opinio
462 1049 640 1088 diversos
677 1051 778 1088 inter
809 1062 851 1088 se
888 1063 971 1088 esse
1003 1051 1203 1100 Amynias,
1243 1050 1357 1088 imino
1389 1062 1508 1087 cansa

27 1129 104 1155 non
139 1120 209 1166 cst,
243 1130 314 1155 cur
347 1130 423 1155 non
456 1121 648 1166 putemus,
679 1119 916 1167 ubicumque
949 1119 1136 1168 Amynias
1168 1118 1325 1168 qnidam
1359 1118 1507 1156 deride-

27 1188 102 1234 tur,
133 1184 238 1234 quod
271 1186 429 1234 saepius
462 1185 514 1234 fit,
546 1185 714 1223 eundem
737 1185 911 1235 intellegi
942 1187 1133 1235 Pronapis
1154 1186 1284 1224 filium.
1344 1187 1422 1224 Iam
1455 1186 1507 1223 le-

26 1265 112 1301 gem
146 1264 302 1302 quoque
334 1256 495 1303 propter
517 1265 629 1302 quam
664 1253 809 1291 factum
841 1265 926 1291 esse
957 1257 1068 1303 putat
1099 1255 1331 1292 scholiastes
1363 1258 1405 1291 ut
1436 1265 1506 1302 pro

27 1320 237 1358 Aminia—
256 1321 329 1358 hoc
344 1321 444 1358 enim
461 1334 601 1359 nomen
615 1321 814 1359 archontis
827 1324 906 1360 423
931 1324 981 1360 22
1001 1325 1059 1359 est
1076 1321 1142 1368 (cf.
1160 1321 1273 1360 Diod.
1287 1321 1448 1371 xlm-2)
1465 1341 1508 1345 -

27 1388 233 1437 Amyniam
273 1387 415 1426 dixerit
450 1391 566 1438 poeta
608 1388 734 1427 fictam
778 1401 861 1427 esse
898 1389 1009 1426 facile
1047 1390 1234 1439 probatur
1271 1402 1507 1438 quamquam

28 1454 169 1502 Le0¹3)
207 1468 348 1493 revera
385 1457 500 1494 talem
538 1457 664 1506 legem
704 1456 831 1494 datam
871 1469 957 1495 esse
995 1469 1159 1506 eamque
1191 1458 1423 1494 Antimacho
1455 1457 1506 1494 illi

30 1522 77 1560 de
110 1535 188 1572 quo
220 1526 334 1562 antea
366 1524 514 1573 egimus
545 1524 790 1563 tribuendam
824 1526 988 1574 putavit.
1047 1526 1161 1562 Patet
1194 1524 1282 1562 inde
1315 1525 1420 1574 qnod
1453 1538 1509 1562 rc-

30 1603 124 1628 vera
162 1590 253 1628 huic
290 1592 376 1629 loco
415 1592 511 1629 nihil
548 1591 680 1630 subest
718 1592 919 1641 irrisionis,
956 1592 1024 1630 sed
1057 1592 1243 1641 Amynias
1280 1593 1312 1630 ci
1352 1604 1511 1629 numero

28 1658 277 1707 adscribitur,
308 1660 373 1708 qni
407 1661 516 1708 equis
544 1660 632 1697 vehi
666 1664 704 1698 et
735 1672 820 1698 cum
852 1661 937 1697 aliis
968 1672 1146 1709 pugnare
1178 1660 1372 1707 solebant3
1405 1662 1512 1709 patet

31 1726 199 1776 denique
230 1727 320 1765 inde
357 1727 463 1776 quod
497 1740 733 1777 quamquam
767 1729 803 1766 in
829 1729 1045 1778 Vesparum
1078 1728 1142 1765 illo
1174 1728 1258 1765 loco
1292 1728 1409 1765 allato
1446 1739 1511 1765 no-

31 1807 118 1832 men
160 1795 285 1843 ipsum
329 1796 527 1833 archontis
569 1808 645 1833 non
685 1798 824 1845 exstat,
864 1798 1006 1844 tamen,
1045 1795 1083 1832 id
1124 1795 1230 1844 quod
1263 1796 1512 1832 Hermannus

31 1861 219 1900 indicavit
249 1863 477 1911 ceteroquin
510 1875 587 1900 non
620 1875 781 1900 aversus
811 1863 901 1900 huic
929 1863 1030 1901 Nub.
1059 1863 1206 1899 scholio
1239 1862 1400 1900 credere
1436 1861 1512 1908 (ed.

31 1929 132 1967 Nub.
165 1942 200 1978 p.
224 1927 331 1979 218),
363 1930 496 1968 addito
528 1931 652 1980 patris
673 1931 829 1968 nomine
863 1931 1134 1979 unnsquisque
1167 1931 1295 1968 statim
1329 1931 1515 1978 cognovit

33 1998 260 2034 archontem
303 1998 493 2047 intellegi3
537 2010 624 2036 nan]
667 1998 736 2036 sub
774 1999 928 2036 Aminia
964 1999 1183 2047 Vesparum
1222 1998 1355 2035 fabula
1397 1997 1514 2035 docta

33 2068 103 2103 est.
162 2065 326 2103 Accedit
366 2065 473 2115 quod
514 2066 550 2103 in
590 2066 714 2103 altera
751 2065 905 2104 demum
948 2066 1189 2110 recensione,
1228 2078 1305 2114 qna
1345 2065 1512 2102 fabulam

33 2132 206 2169 Nubium
247 2132 445 2182 Dionysiis
474 2136 554 2172 422
595 2133 665 2171 sub
702 2134 892 2170 archonte
930 2134 1085 2170 Aminia
1124 2133 1266 2170 docere
1307 2133 1345 2169 in
1387 2133 1514 2169 animo

35 2199 197 2237 haberet
227 2204 356 2249 poeta,
387 2200 472 2238 eius
504 2212 643 2238 nomen
676 2204 864 2238 mutatum
897 2212 982 2238 esse
1014 2212 1174 2238 necesse
1206 2203 1310 2237 esset
1341 2199 1516 2248 credere,

35 2278 121 2304 cum
154 2268 191 2304 in
223 2268 366 2316 priore,
402 2269 493 2306 anni
520 2271 613 2317 423,
651 2269 732 2306 sine
765 2267 904 2306 damno
937 2267 1108 2317 potuerit
1139 2270 1304 2316 exstare,
1340 2267 1376 2304 id
1410 2267 1514 2316 quod

35 2335 110 2371 iam
132 2334 230 2372 vidit
250 2335 466 2385 Luebkius,
496 2335 519 2372 l.
542 2348 575 2372 a.
607 2348 642 2384 p.
669 2338 729 2374 13.
790 2335 941 2382 Quibus
964 2335 1092 2372 causis
1114 2337 1328 2371 commotus
1350 2333 1387 2371 id
1410 2334 1514 2382 quod

36 2401 318 2448 Boeckhius14)
350 2403 575 2440 dubitanter
606 2402 734 2440 attulit
768 2414 903 2447 „wenn
936 2401 1006 2439 der
1036 2401 1227 2439 Scholiast
1259 2413 1305 2438 zu
1337 2402 1439 2439 Nub.
1464 2403 1513 2439 31

36 2467 146 2506 nicht
178 2468 321 2507 fabelt⁶⁴
358 2472 464 2507 certo
495 2469 617 2506 ausim
650 2467 905 2517 contendere,
936 2471 1020 2505 erat
1050 2468 1239 2517 Amynias
1270 2468 1351 2516 ille,
1382 2472 1423 2505 ut
1454 2480 1516 2505 ex-

37 2536 155 2583 plicat
185 2536 270 2574 cod.
291 2538 325 2574 R
355 2537 486 2585 glossa
507 2536 769 2574 interlinearis
800 2535 863 2582 (cf.
887 2534 1059 2585 Martin),
1089 2531 1153 2580 τὶς
1174 2534 1268 2572 τῶν
1288 2531 1386 2584 περὶ
1410 2528 1517 2578 τοὺς

38 2597 203 2648 ἵππους
234 2597 524 2641 ἐπταικότων.

151 2669 192 2715 4)
235 2670 278 2708 Id
310 2671 510 2709 decretum
548 2669 653 2719 qnod
691 2671 727 2708 in
760 2670 880 2707 schol.
908 2670 979 2707 Av.
1011 2672 1133 2708 1297:
1174 2665 1442 2719 Συρακοσίῳ
1474 2664 1518 2704 δὲ

154 2767 196 2807 ¹³)
227 2764 281 2800 Cf.
308 2765 551 2807 Quaestiones
577 2763 770 2808 Aristoph.
810 2765 1031 2798 Bonn.1373
1059 2776 1092 2808 p.
1114 2767 1167 2799 39.

155 2823 198 2861 14)
228 2820 283 2856 Cf.
308 2820 602 2855 Staatshaushalt
626 2820 677 2855 112
697 2823 769 2855 149.

1256 2876 1318 2908 25*
