1815 3231
1423 177 1500 211 :325

25 282 138 320 simul
175 284 283 331 patet
320 282 416 319 Aah.
454 296 611 332 quoque
651 285 742 321 illud
782 286 969 322 scholium
1009 299 1027 321 1·
1062 286 1156 323 libro
1195 286 1342 323 decium
1382 289 1417 323 et
1455 299 1501 322 ex

25 349 91 387 illa
122 349 278 398 quidem
312 354 434 399 parte,
466 351 526 387 eui
560 352 759 399 speciatim
794 354 1023 402 inscriptum
1058 357 1140 391 erat
1171 350 1296 403 „mvi
1320 351 1411 390 τῶν
1437 349 1502 403 dq-

23 415 266 467 pcaywy‹1]v“
306 429 391 455 esse
422 418 601 456 haustum
640 420 702 459 (es.
734 421 944 459 Muellerus
982 422 1052 469 srg.
1080 425 1182 466 100).
1243 422 1302 459 Ad
1342 421 1502 459 eandem

25 497 105 524 rem
144 486 342 534 pertinent
380 484 420 532 3)
453 487 572 524 schol.
602 488 696 524 Aeli.
725 494 748 524 ὃ
787 489 833 525 de
866 501 943 537 quo
983 490 1054 526 iam
1089 489 1266 538 vidimus,
1304 488 1344 535 4)
1384 489 1503 527 schol.

25 553 153 602 Equit.
178 557 268 599 247,
300 552 340 599 5)
363 555 483 592 schol.
509 556 636 604 Equit.
660 560 752 605 4530,
776 570 794 593 e
818 561 955 606 poetae
979 558 1098 606 ipsius
1122 558 1250 595 verbis
1273 557 1506 606 haurientia,

25 620 195 670 denique
228 620 268 668 6)
300 622 460 671 hypoth.
483 624 601 671 equit.
631 637 666 672 p.
690 628 739 661 32
756 625 778 662 b
803 625 824 661 1.
849 628 915 663 23:
948 614 970 660 ὃ
996 620 1037 661 di:
1059 618 1190 674 χορὸς
1211 623 1302 661 τιδι’
1324 620 1499 662 ἱππέων

24 682 156 735 ἐστίν,
197 684 240 725 οἳ
275 685 345 726 καὶ
383 684 628 740 ἐζημίωσαν
660 684 739 727 τὸν
774 688 957 728 mistum
994 689 1123 729 πέντε
1155 683 1392 737 ταλάντοις
1434 687 1505 729 ἐπὶ

25 752 282 808 δωροδοκίᾳ
304 745 482 803 ἁλόντα,
505 770 605 806 quae
624 758 741 796 verba
763 759 861 796 idem
887 759 1070 797 exhibent
1092 760 1196 808 quod
1220 760 1337 797 schol.
1357 760 1451 798 Ach.
1470 764 1505 798 Γ).

26 823 224 861 Habemus
252 825 370 874 igitur
401 825 477 863 duo
499 825 742 875 Theopompi
768 826 1002 875 sragmenta3
1034 828 1159 865 oritur
1191 828 1380 877 quaestio,
1412 827 1503 876 quid

24 891 181 929 tandem
220 893 258 930 in
292 892 350 930 his
382 892 611 942 fragmentis
648 893 814 941 dicatur,
851 907 1058 944 quousque
1092 896 1325 944 pertineant.
1386 895 1504 933 Pleri-

24 971 101 1008 que
153 960 253 997 enim
307 960 482 998 homines
534 961 649 1011 docti,
702 962 805 999 inter
856 962 925 1000 hos
977 962 1200 1000 dubitanter
1251 963 1507 1011 lJroysenius,

23 1024 272 1077 Koclzius³²³),
303 1028 378 1078 alii,
408 1029 511 1066 bona
543 1041 630 1066 eum
659 1028 735 1066 fide
768 1042 813 1067 ea
845 1042 945 1078 quae
978 1030 1210 1068 scholiastae
1243 1029 1433 1067 adnotant
1466 1032 1507 1066 ut

24 1096 132 1132 recte
176 1095 280 1132 dieta
326 1098 364 1134 et
404 1109 496 1134 vere
535 1096 817 1146 Theopompea
863 1103 1113 1146 acceperunt.
1183 1098 1308 1135 Aliter
1355 1098 1506 1135 censuit

25 1162 607 1214 Muellerus-Struebingius²³⁴),
651 1166 716 1214 qui
762 1169 948 1215 quattuor
990 1166 1202 1215 praecipue
1246 1166 1382 1203 nititur
1420 1178 1507 1202 eau-

24 1230 86 1267 sis.
145 1233 181 1274 1)
220 1231 314 1270 Cum
354 1233 555 1282 proprium
596 1246 670 1271 non
710 1234 758 1270 sit
796 1229 1069 1282 Aristophanis
1108 1233 1272 1271 hominis
1304 1232 1504 1271 cuiusdam

25 1297 158 1335 vitium
215 1300 331 1338 semel
386 1303 536 1338 tantum
588 1301 769 1350 irridere,
823 1302 1005 1340 Cleonem
1059 1306 1187 1339 autem
1241 1314 1262 1338 a
1314 1301 1508 1338 iudicibus

25 1364 242 1413 largitionis
275 1379 360 1406 esse
394 1369 579 1406 invictum
614 1370 723 1407 nullo
752 1369 827 1406 alio
862 1370 946 1407 loco
980 1370 1052 1407 nisi
1077 1369 1172 1407 Aeli.
1197 1373 1218 1407 6
1252 1369 1506 1411 inveniamus

23 1432 138 1472 immo
169 1447 218 1472 ne
250 1435 299 1473 ibi
331 1436 487 1485 quidem
521 1437 778 1487 inveniamus,
810 1438 873 1474 ubi
903 1438 1205 1486 quammaxime
1234 1440 1507 1486 exspectamus

24 1501 127 1538 Nub.
150 1504 228 1541 581
245 1514 342 1552 sqq„
374 1505 531 1542 omnino
565 1505 772 1542 verisimile
805 1518 880 1542 non
913 1508 971 1542 est
1001 1517 1088 1542 611111
1122 1517 1162 1541 re
1194 1516 1287 1541 vera
1321 1504 1507 1545 criminis,

25 1569 137 1607 cuius
173 1570 235 1609 hie
266 1576 484 1622 accusetur,
521 1585 606 1611 esse
645 1573 880 1611 convictum.
939 1571 979 1618 2)
1018 1573 1105 1610 Non
1140 1575 1268 1621 potest
1299 1584 1383 1609 esse
1416 1584 1504 1608 con-

25 1637 168 1683 vietus;
206 1640 348 1677 etenim
386 1641 417 1678 si
450 1641 536 1690 quis
568 1641 772 1689 peculatus
805 1640 1007 1678 convietus
1039 1644 1134 1689 erat,
1172 1643 1238 1677 aut
1270 1640 1402 1677 mortis
1440 1641 1507 1676 aut

25 1704 214 1755 decuplae
246 1708 436 1756 pecuniae
467 1712 505 1746 et
537 1709 675 1758 capitis
708 1709 984 1746 deminutionis
1017 1708 1205 1745 maximae
1238 1707 1506 1744 damnabatur.

25 1772 107 1811 Lex
138 1776 281 1824 autem,
312 1787 390 1824 qua
421 1777 542 1813 minui
574 1776 775 1814 iuberetur
808 1776 927 1813 multa
960 1779 1027 1812 aut
1058 1775 1247 1812 removeri
1281 1773 1507 1821 deminutio,

25 1839 97 1878 nisi
137 1854 159 1878 a
190 1854 258 1880 sex
292 1843 442 1882 milibus
475 1845 774 1882 Atheniensium
814 1843 960 1892 opertis
997 1843 1139 1880 tabulis
1178 1842 1385 1891 agentibus
1423 1854 1507 1890 per-

25 1908 180 1946 missum
221 1914 315 1955 erat,
358 1924 405 1948 ne
445 1911 537 1949 ferri
579 1911 735 1961 quidem
773 1911 910 1960 potuit.
969 1910 1081 1957 Quod
1121 1909 1262 1947 factum
1295 1922 1381 1947 csse
1420 1922 1505 1946 eum

26 1976 169 2014 nullam
202 1977 320 2016 habet
341 1979 676 2028 verisimthatem,
707 1982 799 2027 tum,
827 1979 857 2016 si
882 1978 1024 2016 factum
1049 1981 1163 2026 esset,
1194 1990 1315 2015 eausa
1346 1977 1502 2014 omnino

25 2055 100 2080 non
134 2048 246 2090 esset,
286 2058 355 2084 eur
386 2046 578 2095 gauderet
609 2051 736 2096 poeta,
773 2047 886 2083 immo
915 2058 1009 2083 vero
1042 2047 1179 2094 aperta
1209 2044 1338 2082 clades
1370 2043 1506 2082 fuisset

138 2177 181 2217 33)
219 2176 284 2210 Ι116
314 2177 349 2210 111
381 2177 581 2211 introduct.
613 2187 708 2211 vers.
741 2176 950 2219 ς61111111116.2
984 2186 1017 2219 p.
1048 2178 1107 2217 &43
1145 2174 1202 2208 hic
1236 2175 1272 2206 in
1307 2173 1504 2208 introduct.

27 2230 130 2265 edit.³
153 2232 176 2276 ξ
191 2234 241 2266 23.

138 2289 181 2329 34)
218 2287 273 2323 Cf.
298 2289 535 2333 Aristophan.
562 2300 595 2323 u.
621 2289 654 2322 d.
681 2288 806 2322 histor.
834 2287 956 2320 Kritik
987 2290 1046 2320 119
1065 2296 1142 2329 sqq.
1197 2285 1430 2328 Singulorum
1462 2285 1506 2318 de

25 2343 103 2377 loeo
138 2343 411 2386 Aristophaneo
445 2346 648 2380 sententias
680 2345 808 2378 afferre
846 2353 963 2377 meum
996 2353 1066 2375 non
1101 2346 1174 2385 est3
1211 2342 1313 2375 vides
1347 2341 1506 2375 breviter

26 2408 88 2433 eas
114 2399 241 2434 allatas
267 2401 366 2444 apud
391 2401 605 2442 Ghbertum,
633 2401 800 2443 Beitriige
826 2404 892 2433 ete.
919 2410 953 2442 p.
978 2402 1037 2433 140
1064 2398 1146 2431 adn.
1169 2401 1195 2431 1.
1244 2397 1421 2441 Equidem
1447 2406 1507 2429 ne-

26 2465 96 2498 que
123 2455 405 2501 M.-Struebingii
432 2458 546 2501 probo
572 2457 802 2498 sententiam,
838 2466 918 2489 eum
947 2465 1074 2499 negem
1101 2464 1142 2488 eo
1168 2458 1331 2497 tempore
1357 2453 1425 2487 iam
1452 2463 1508 2486 ex-

26 2511 164 2546 stitisse
190 2511 328 2555 ταμίαν
345 2516 409 2557 τῆς
425 2516 554 2558 κοινῆς
572 2510 776 2558 προσόδου,
804 2511 906 2544 euius
932 2515 1015 2545 ante
1033 2510 1221 2544 Euclidem
1249 2520 1293 2543 ne
1312 2509 1507 2551 vestigium

26 2568 174 2611 quidem
193 2574 358 2613 apparet⁷
384 2579 504 2613 neque
529 2570 627 2614 quod
644 2568 843 2602 novissime
862 2567 1070 2602 Luebkeius
1090 2566 1291 2610 proposuit,
1318 2566 1337 2599 1.
1356 2575 1384 2599 a.
1405 2576 1437 2608 p.
1459 2568 1506 2607 173

26 2624 88 2666 qui
114 2634 195 2658 cum
221 2624 360 2660 scholio
385 2626 492 2660 fidem
519 2626 660 2667 habeat,
685 2625 722 2657 id
749 2624 847 2667 quod
874 2623 983 2666 poeta
1007 2628 1129 2656 narrat
1153 2634 1186 2656 v.
1206 2626 1273 2655 ,113
1299 2632 1335 2655 re
1357 2631 1441 2655 vera
1467 2622 1503 2654 in

27 2689 135 2714 scena
160 2700 201 2704 —-
226 2682 263 2714 in
290 2682 578 2724 Babyloniorum
603 2681 728 2715 fabula
754 2700 795 2704 ——
822 2684 925 2723 putat
955 2684 1099 2721 gestum
1133 2688 1225 2721 esse,
1257 2682 1298 2712 ut
1323 2678 1436 2711 Cleon
1468 2677 1504 2710 in

27 2745 171 2769 scenam
190 2736 361 2770 inductus
386 2738 548 2780 equitnm
567 2746 678 2780 opera
704 2736 865 2778 quinque
885 2735 1019 2768 talenta
1039 2734 1250 2771 evmnuerit,
1275 2733 1372 2765 unde
1391 2731 1508 2765 Theo-

25 2801 183 2833 pompus
210 2791 406 2825 historicus
432 2802 505 2826 rem
530 2792 702 2825 hauserit.
