1815 3231
1430 178 1504 213 321

31 284 302 332 Thucydidem
336 288 373 322 et
406 285 624 322 Neanthem
659 286 706 322 cf.
734 286 757 322 l.
779 289 829 324 53
862 284 925 326 (cf.
955 287 1179 335 Muellerus,
1213 288 1299 334 Frg.
1323 288 1355 324 h.
1378 301 1433 335 gr.
1458 288 1509 324 111

31 364 64 400 p.
89 350 145 397 3);
178 364 278 400 quae
311 355 439 390 autem
473 353 544 390 sub
569 353 642 391 line
675 353 721 390 de
744 354 943 403 sepultura
976 354 1170 402 dicuntur,
1202 367 1302 403 quae
1335 355 1509 392 similitu-

31 420 159 457 dinem
193 419 391 468 quandam
426 420 569 458 habent
602 433 687 458 cum
722 422 765 458 iis
798 434 897 470 quae
929 422 1164 459 Plutarchus
1196 422 1242 459 de
1265 423 1407 460 Thesei
1435 423 1509 460 fine

32 490 176 532 narrat,
216 492 381 536 possunt
418 500 464 525 ex
503 488 674 525 eiusdem
714 489 908 526 Neanthis
949 490 1146 527 hellenicis
1185 491 1359 538 fluxisse,
1405 495 1508 527 certe

31 566 106 592 non
138 554 185 591 ab
221 555 378 602 Ephoro
412 558 503 592 nata
535 558 638 604 sunt,
670 568 754 592 cum
787 556 1060 593 Themistochs
1090 557 1308 605 sepulcrum
1344 558 1505 605 primum

29 620 190 659 Diodori
216 621 446 669 Periegetae
468 625 596 659 aetate
621 622 785 659 Athenis
809 622 1143 660 demonstraretur
1175 623 1238 669 (cf.
1261 624 1507 669 Selimidtius,

27 688 49 725 l.
72 701 104 726 a.
133 689 182 738 ΙΙ,
208 687 313 734 160).

140 756 199 793 Ad
232 756 396 794 eundem
431 757 630 805 Ephorum
672 761 765 805 puto
798 757 933 794 referri
968 770 1083 806 posse
1116 758 1234 795 schol.
1265 759 1392 806 liquit.
1416 761 1506 803 660,

28 823 91 861 ubi
130 823 207 862 duo
246 824 363 862 habes
400 825 549 862 scholia
589 825 636 862 ab
679 824 814 862 eodem
854 825 1045 863 communi
1086 825 1192 864 sonte
1235 825 1508 875 dependentia,

27 904 192 940 quorum
231 892 394 930 alterum
438 893 574 930 mellus
614 905 692 929 rem
733 892 904 930 servavit
947 894 968 929 l.
1002 896 1167 941 llsqq.:
1217 888 1261 939 ἐξ
1298 888 1504 942 ἱστορίας.

30 955 308 1008 Καλλίμαχος
340 947 662 1008 ὁπολέμιέρχος
683 955 849 1008 λέγεται
882 950 1092 1007 εὔξασθαι
1125 958 1175 1008 τῇ
1200 950 1403 1009 ,Ἀρτέμιδι
1438 972 1507 997 το-

26 1016 189 1071 σαύτας
221 1024 325 1072 βοῦς
358 1024 491 1064 θῦσαι
526 1016 657 1071 ὅσους
689 1017 743 1063 ἂν
774 1019 966 1075 (forestam
998 1020 1245 1076 βαρβάρους
1281 1022 1328 1063 ἐν
1359 1027 1506 1077 Μαρα-

26 1090 154 1130 θῶνι.
202 1087 350 1143 ἐπειδὴ
375 1089 419 1131 δὲ
449 1090 613 1131 πολλοὶ,
642 1087 963 1143 ἑᾳοιέιῗθησαι),
992 1085 1049 1144 μὴ
1082 1088 1322 1143 δυνάμενος
1352 1086 1506 1131 ”coacui-

26 1172 102 1206 τας
132 1158 238 1207 βοῦς
269 1159 409 1198 θῦσαι
442 1154 572 1197 ἔθυσε
600 1157 811 1210 χιμαίρας.
873 1162 1029 1199 Iuvenis
1060 1162 1160 1199 hanc
1192 1174 1271 1199 rem
1304 1166 1507 1211 praetcrea

25 1228 131 1277 apud
164 1229 343 1277 Xenoph.
374 1229 497 1266 Anab.
530 1229 597 1278 ΙΙΙ,
630 1232 665 1277 2,
695 1232 744 1267 12
777 1242 799 1266 a
831 1229 1041 1267 scholiasta
1072 1230 1367 1280 discrepantem,
1401 1230 1504 1278 apud

25 1295 126 1332 Plut.
156 1296 215 1333 De
244 1295 400 1344 malign.
422 1295 568 1333 Herod.
596 1296 782 1343 XXV1,7
816 1309 850 1344 p.
874 1298 966 1345 862,
1003 1297 1068 1345 qui
1102 1296 1200 1333 idem
1234 1300 1368 1333 narrat
1400 1297 1503 1345 quod

25 1363 258 1412 Xenophon,
279 1363 384 1411 apud
406 1363 556 1401 Aelian.
574 1363 619 1400 V.
641 1364 687 1400 H.
717 1364 851 1412 11,25:
883 1360 955 1400 καὶ
981 1353 1201 1414 .’»Ιθηναῖοι
1224 1360 1267 1400 δὲ
1292 1361 1342 1411 τῇ
1364 1354 1504 1413 Ἀγρο-

25 1425 128 1482 τέρᾳ
174 1419 427 1467 (Ξποθύουσι
472 1423 548 1475 τὰς
592 1426 791 1480 χιμαίρας
846 1424 922 1475 τὰς
967 1428 1219 1481 τριακοσίας
1270 1425 1383 1467 κατὰ
1425 1422 1506 1481 τὴν

25 1488 155 1548 εὐχὴν
192 1496 274 1535 τοῦ
306 1489 553 1535 Μιλτιάδου
593 1495 783 1548 ὁρῶντε-ς
821 1496 969 1544 τοῦτο,
1007 1499 1071 1536 nbi
1109 1510 1294 1536 numerus
1323 1502 1403 1537 300
1434 1498 1503 1544 (T)

25 1566 192 1604 fortasse
225 1569 434 1615 corruptus
466 1570 524 1604 est
555 1579 574 1604 e
606 1565 880 1615 Xenophontis
908 1568 989 1604 500
1020 1564 1107 1613 (Φ).
1167 1566 1318 1613 Quibus
1339 1566 1504 1614 cognitis

24 1637 67 1672 ut
104 1646 181 1672 non
220 1634 332 1671 nimis
371 1633 536 1671 arduum
575 1637 633 1671 est
670 1636 821 1672 ceteros
858 1646 991 1672 omnes
1029 1634 1077 1671 ad
1110 1634 1408 1683 Xenophontem
1447 1646 1504 1671 re-

24 1701 128 1739 ferre
159 1700 223 1748 (cf.
245 1713 379 1739 vocem
403 1691 625 1738 ἅποθῦειυ
652 1701 830 1739 omnibus
854 1699 1123 1747 communem),
1154 1702 1260 1739 solus
1288 1704 1365 1739 stat-
1394 1701 1504 1739 scho-

24 1770 170 1819 liastes,
211 1782 297 1808 cum
335 1774 373 1808 et
405 1769 680 1808 Callimachum
713 1769 896 1807 exhibeat
927 1781 1012 1807 eum
1051 1770 1116 1818 qui
1148 1771 1435 1818 nuncupaverit
1467 1774 1503 1808 et

24 1837 184 1875 solverit
215 1840 346 1875 votum
385 1840 423 1875 et
455 1841 586 1874 votum
618 1837 743 1886 ipsum
781 1837 1089 1885 commutaverit,
1126 1849 1201 1875 non
1241 1850 1312 1886 pro
1349 1840 1407 1874 tot
1444 1850 1503 1874 ca-

24 1905 138 1954 pellis
166 1908 262 1954 quot
284 1905 417 1942 hostes
440 1904 672 1942 cecidissent
694 1907 774 1943 500
801 1905 1011 1953 quotannis
1033 1916 1167 1942 caesas
1189 1916 1274 1942 esse
1305 1904 1505 1953 exhibens,

25 1972 94 2010 sed
134 1985 205 2021 pro
237 1972 361 2010 bobus
399 1971 518 2010 semel
556 1972 742 2021 capellas.
802 1973 907 2010 Beue
940 1972 1058 2019 igitur
1089 1970 1373 2020 Lugebilusffi),
1410 1972 1503 2020 quia

25 2040 285 2080 Callimachus
326 2039 599 2088 polemarchus
637 2039 834 2077 diceretur
874 2043 1002 2078 votum
1041 2051 1302 2088 nuncupasse,
1343 2052 1363 2077 e
1400 2039 1501 2077 bono

25 2109 133 2146 fonte
177 2109 354 2146 haustam
397 2119 481 2146 esse
530 2108 631 2146 hanc
670 2107 932 2146 narrationem
975 2107 1088 2154 dixit,
1135 2120 1221 2145 cum
1262 2107 1501 2156 polemarchi

28 2180 131 2214 esset
162 2177 238 2214 tale
270 2179 404 2214 votum
438 2187 686 2224 nuncupare3
723 2188 799 2213 non
832 2176 930 2214 idem
969 2175 1016 2213 de
1047 2175 1128 2213 aliis
1159 2175 1295 2212 scholii
1326 2175 1503 2223 partibus

26 2244 140 2281 valet.
200 2245 298 2282 Nam
332 2257 416 2282 cnm
450 2243 497 2281 ab
524 2244 724 2282 Herodoto
753 2244 817 2293 VI,
842 2247 930 2293 114,
958 2244 1040 2282 aliis
1071 2244 1257 2281 certiores
1288 2242 1426 2280 fiamus
1462 2243 1499 2280 in

27 2323 162 2361 pugna
194 2314 388 2350 mortuum
421 2323 506 2349 esse
539 2311 833 2360 Callimachum,
865 2325 941 2349 non
974 2316 1103 2361 potest
1134 2312 1235 2349 idem
1263 2319 1395 2349 votum
1427 2312 1499 2349 sol-

22 2380 138 2428 visse,
175 2379 244 2416 sed
284 2379 359 2417 hoc
395 2379 628 2417 scholiastae
666 2380 788 2417 errori
825 2379 941 2417 tribui
973 2383 1101 2428 potest
1138 2384 1205 2418 aut
1240 2380 1331 2418 inde
1368 2384 1500 2418 natum

24 2450 92 2492 est,
125 2447 230 2496 quod
262 2459 380 2484 unum
413 2460 433 2484 e
460 2448 597 2496 paucis
625 2447 850 2485 muneribus
882 2451 976 2492 erat,
1008 2460 1109 2496 quae
1139 2448 1355 2496 posteriore
1387 2450 1500 2486 etiam

23 2518 201 2563 tempore
232 2515 483 2562 polemareho
515 2518 671 2553 servata
702 2519 805 2564 sunt,
842 2520 884 2552 nt
914 2516 1131 2564 Agl-oterae
1162 2515 1353 2553 sacrificio
1390 2530 1501 2566 prae-

136 2622 179 2663 26)
215 2621 270 2655 Cf.
294 2621 447 2656 Jahrbb.
464 2622 482 2655 t'
506 2622 594 2656 Phil.
622 2622 749 2666 Suppl.
771 2622 799 2654 V
824 2633 855 2665 p.
876 2626 950 2665 645,
976 2633 1191 2666 quamquam
1220 2623 1318 2666 quod
1342 2623 1428 2657 inde
1446 2634 1499 2658 se-

24 2676 87 2719 qui
112 2680 218 2720 putat
248 2687 426 2710 summum
451 2677 639 2720 imperium
673 2678 707 2711 in
742 2678 880 2721 proelio
914 2679 1074 2713 tenuisse
1107 2679 1376 2723 Callimachum,
1401 2685 1498 2714 recte

22 2731 197 2766 refutavit
223 2731 705 2777 Muellerus-Struebingius,
730 2734 883 2768 dam-bb.
901 2733 925 2768 f.
943 2735 1033 2770 Phil.
1058 2735 1176 2769 CXIX
1202 2747 1234 2779 p.
1254 2738 1314 2770 441
1335 2736 1429 2778 adn„
1453 2736 1497 2771 ct.

23 2787 223 2832 Busoltius,
249 2788 268 2822 l.
287 2798 316 2822 a.
337 2789 370 2822 II
397 2800 430 2832 p.
450 2793 484 2823 71
515 2789 597 2825 adn.
617 2792 647 2824 2.
