1830 3201
334 188 413 224 332

330 299 551 347 scrupulus,
587 311 701 347 quem
735 297 903 336 Dielsius
935 297 1133 350 indicavit,
1163 297 1484 341 Wilamowitzius
1515 316 1591 342 non
1624 302 1716 343 satis
1747 290 1825 365 ie}

331 366 459 415 movit,
481 365 621 414 effecit,
643 367 685 402 ut
707 365 863 414 Lipsius
885 369 1044 414 putaret
1066 367 1139 406 hoc
1162 369 1321 418 scholio,
1342 372 1384 408 ut
1405 371 1442 408 in
1467 371 1584 409 schol.
1601 372 1695 410 Ran.
1714 375 1806 423 720,
1824 370 1825 420 l

329 435 486 481 praeter
518 432 763 470 Hellanicum
803 433 1078 472 Philochorum
1109 447 1193 474 esse
1225 436 1454 487 adhibitum,
1485 451 1586 488 quae
1616 451 1678 477 res
1709 426 1827 489 indi-f:¹

329 503 486 538 caretur
515 500 583 538 illo
616 491 789 548 διεξιών
819 493 875 537 τὰ
904 495 975 538 ἐπὶ
1004 490 1287 552 Ἀντιγένους.
1346 505 1445 555 Quo,
1476 507 1508 544 si
1539 509 1643 546 recte
1675 519 1715 546 se
1738 508 1803 546 ha-

328 570 415 604 rent
450 567 585 605 scholii
616 568 749 613 verba,
788 569 941 617 putavit
977 570 1135 619 probari
1166 571 1411 610 Hellanicum
1443 573 1657 611 secundum
1694 586 1803 623 prae-

327 638 432 672 tores
453 646 516 672 res
545 634 768 684 digessisse,
800 636 904 685 quod
937 637 1100 686 cogitari
1122 651 1198 676 non
1221 651 1335 688 posse
1358 639 1405 678 de
1428 652 1473 678 eo
1496 643 1655 679 auctore
1687 653 1802 690 quem

328 702 375 739 de
406 703 721 751 pentecontaetia
755 699 948 753 βραχέως
978 715 1024 741 τε
1062 701 1135 742 καὶ
1167 696 1248 743 οὐκ
1279 710 1373 751 τοῖς
1401 700 1577 757 χρόνοις
1613 698 1803 758 ἀκριβῶς

325 769 449 817 egisse
472 769 727 818 Thucydides
750 774 937 809 narraret.
997 770 1073 810 Sed
1103 773 1268 821 primum
1291 773 1449 822 quidem
1477 775 1593 813 etiam
1615 775 1800 815 scholium
1825 761 1830 806 ¹3}

325 837 419 874 Rau.
443 839 523 875 720
555 840 668 875 antea
699 838 871 887 allatum,
912 839 941 876 si
973 839 1095 888 Lipsii
1136 841 1358 889 opinionem
1396 845 1501 880 stare
1533 842 1603 892 vis,
1641 854 1827 900 necesse]

324 908 381 942 est
410 904 606 942 turbatum
637 905 783 956 haberi,
821 902 906 944 nam
940 907 971 944 si
1003 907 1259 946 Philochorus
1290 909 1397 947 solus
1436 910 1628 959 praetoris
1660 924 1799 949 nomen
1826 941 1828 958 ξ

323 972 515 1021 praebuit,
547 985 623 1010 non
656 973 854 1022 intellego,
887 986 956 1012 cur
987 986 1073 1012 eum
1106 988 1183 1013 non
1207 979 1248 1013 ut
1271 977 1439 1025 priorem
1470 978 1643 1016 attulerIt
1663 979 1799 1017 scholii

324 1043 471 1078 auctor.
531 1040 680 1079 Deinde
712 1044 841 1079 autem
875 1054 950 1080 non
983 1042 1160 1092 sequitur
1199 1056 1247 1082 ex
1278 1044 1337 1082 his
1368 1045 1523 1083 scholiis
1555 1046 1799 1085 Hellanicum

323 1110 441 1145 totam
483 1107 683 1145 historiam
725 1108 941 1147 secundum
983 1110 1192 1149 archontes
1233 1113 1521 1161 temperavisse,
1561 1113 1676 1152 immo
1713 1126 1828 1152 cum*

321 1178 397 1212 tam
430 1187 555 1223 pauca
586 1175 808 1224 fragmenta
838 1177 948 1215 nobis
977 1181 1136 1227 praesto
1159 1179 1247 1228 sint,
1278 1192 1354 1218 non
1387 1183 1445 1218 est
1477 1193 1545 1218 cur
1575 1181 1800 1231 Thucydidi

322 1242 544 1280 diffidamus
567 1243 603 1280 in
627 1245 944 1292 pentecontaetia
962 1244 1221 1284 describenda
1242 1247 1444 1286 brevitatis
1466 1251 1504 1286 et
1525 1249 1798 1298 neglegentiae
1828 1278 1830 1285 s

321 1322 405 1348 eum
443 1310 694 1348 insimulanti.
759 1312 992 1350 Narraverit
1027 1325 1121 1351 sane
1158 1314 1290 1363 priora
1326 1317 1502 1364 tempora
1537 1315 1712 1365 brevius,
1749 1315 1797 1354 de

320 1378 602 1427 posterioribus
634 1378 787 1416 demum
820 1379 985 1418 fortasse
1017 1380 1108 1419 inde
1138 1382 1186 1419 ab
1218 1382 1303 1431 ipso
1334 1383 1437 1421 bello
1464 1384 1796 1433 Peloponnesiaco

320 1457 407 1483 cum
445 1449 580 1494 ageret
618 1447 774 1484 maioris
806 1447 1031 1497 diligentiae
1069 1449 1268 1487 studiosus
1308 1452 1345 1487 et
1380 1453 1605 1499 praetorum
1642 1452 1828 1490 nomina*

320 1513 480 1551 addens.

432 1592 739 1639 Androtionss)
765 1593 962 1632 adhibitus
985 1598 1058 1633 est:

436 1659 472 1706 1)
510 1659 641 1699 schol.
662 1661 759 1699 Ach.
781 1665 873 1712 234,
896 1663 1000 1712 quod
1023 1675 1107 1700 cum
1133 1663 1326 1702 turbatum
1349 1665 1397 1703 sit
1418 1665 1550 1714 paullo
1572 1667 1794 1704 accuratius

320 1728 506 1765 tractabo.
565 1728 818 1779 Adscriptum
843 1733 899 1768 est
928 1730 976 1768 ad
1000 1725 1261 1781 Παλλήναδε
1292 1732 1330 1770 in
1354 1733 1439 1771 cod.
1461 1734 1493 1772 R
1523 1732 1563 1780 α)
1591 1729 1694 1771 δέον
1712 1727 1794 1786 γὰρ

320 1790 458 1831 εἰπεῖν
491 1795 635 1846 ζητεῖν
665 1789 746 1833 τὸν
777 1789 915 1847 ἄνδρα
945 1794 1017 1835 καὶ
1047 1795 1227 1846 βλέπειν
1258 1794 1553 1851 Παλληνικόν,
1593 1797 1794 1839 τουτέστι
1828 1828 1829 1836 1

318 1866 536 1911 γένναῖον,
569 1855 661 1900 εἶπέ
693 1858 961 1916 Παλληνάδε,
1003 1864 1038 1909 b)
1071 1861 1111 1903 οἱ
1145 1865 1384 1918 Παλληνεῖς
1423 1862 1555 1919 δῆμός
1591 1863 1681 1906 ἐστι
1717 1867 1793 1920 τῆς
1828 1883 1830 1903 i

319 1921 519 1980 Ἀττικῆς,
551 1924 662 1968 ἔνθα
684 1926 984 1984 Πεισιστράτῳ
1015 1930 1272 1984 βουλομένῳ
1302 1939 1535 1985 τυραννεῖν
1566 1932 1639 1973 καὶ
1669 1925 1793 1988 2437]-
1828 1928 1830 1952 ³

318 1993 456 2042 ναίοις
487 1988 775 2048 (ζιιυνομένοις
800 1990 938 2037 αὐτὸν
960 1997 1144 2052 συνέστη
1166 1995 1371 2052 πόλεμος,
1402 2001 1439 2049 ε)
1473 1992 1496 2040 ὃ
1519 1999 1564 2040 δὲ
1585 1997 1791 2050 βούλεται
1828 2011 1830 2046 2

317 2059 455 2101 εἰπεῖν
492 2059 628 2103 τοῦτό
670 2060 802 2104 ἐστιν·
851 2056 1011 2117 ὁμοίως
1051 2064 1299 2106 διακεῖσθαι
1339 2066 1413 2106 καὶ
1451 2066 1642 2120 τραχέως
1680 2065 1792 2121 ἔχειν
1828 2086 1830 2092 ’

315 2128 426 2181 πρὸς
455 2125 537 2169 τὸν
569 2126 862 2183 σπεισάμειόν
892 2130 1255 2185 Λακεδαιμονίοις
1291 2131 1351 2182 ὠς
1385 2129 1523 2175 παλαι
1552 2131 1663 2188 πρὸς
1694 2136 1792 2176 Πει-

317 2195 553 2249 σίστρατον
588 2194 668 2238 τὸν
697 2192 933 2251 τύραννον,
973 2192 1105 2253 ἡνίκα
1141 2197 1463 2254 συνεστήσαμέν
1500 2200 1548 2242 ἐν
1578 2197 1790 2256 Παλλήνῃ
1828 2204 1830 2230 l

315 2259 398 2316 τήν
428 2260 579 2318 μάχην,
612 2281 697 2306 cum
728 2270 791 2307 alii
814 2270 969 2308 codices
996 2283 1083 2309 eum
1104 2271 1316 2321 praebeant
1337 2272 1522 2321 ordinem,
1554 2276 1596 2311 ut
1625 2274 1789 2323 primum
1828 2275 1829 2315 ἶ

314 2334 466 2382 legatur
496 2336 532 2383 b,
564 2339 750 2385 sequatur
781 2333 1077 2387 συγκέκοπται
1109 2334 1154 2376 δὲ
1184 2328 1209 2389 ἦ
1243 2335 1371 2387 λέξις·
1410 2333 1462 2377 τὸ
1493 2333 1575 2390 γὰρ
1607 2329 1789 2392 ὁλόκλη-

314 2393 393 2448 ρόν
425 2396 513 2438 ἐστι
547 2400 845 2454 Παληναίαδε·
892 2394 1172 2454 ’ὑπήλλακται
1208 2402 1254 2443 δὲ
1289 2395 1315 2456 ἡ
1354 2400 1560 2458 κυριότης
1594 2405 1672 2458 τῆς
1703 2404 1788 2445 δια-

314 2464 447 2514 νοίας,
481 2469 621 2508 deinde
653 2482 688 2520 α,
719 2482 752 2521 ο,
790 2476 977 2522 sequatur
1005 2469 1215 2524 μέμνηται
1247 2469 1292 2510 δὲ
1321 2467 1486 2512 τούτου
1516 2471 1589 2512 καὶ
1618 2466 1789 2526 Ἀνδρο-

313 2531 422 2572 τίων
454 2532 525 2572 καὶ
564 2526 857 2590 Ἀριστοτέλης
892 2534 939 2576 ἐν
971 2530 1217 2591 Ἀθηναίων
1247 2538 1462 2594 πολιτείᾳ·
1502 2534 1654 2588 ἄλλως.
1706 2544 1786 2581 Iam

313 2603 490 2652 sequitur
509 2605 587 2642 alia
609 2609 647 2644 et
668 2618 714 2644 ea
735 2607 890 2656 quidem
914 2611 1021 2646 recta
1041 2609 1309 2658 interpretatio
1338 2610 1359 2648 l.
1380 2613 1431 2649 22
1448 2623 1531 2660 sqq.
1570 2611 1786 2649 Miserrima

424 2745 453 2784 6)
483 2742 537 2778 Cf.
562 2744 923 2792 Siebelis-Lenzius,
946 2748 1106 2783 Philoeh.
1130 2748 1266 2793 fragm„
1292 2750 1392 2793 Lips.
1413 2753 1513 2794 18113
1548 2750 1743 2786 Muellerus
1769 2751 1783 2784 I

313 2808 348 2841 p.
367 2799 560 2834 LXXXIII
586 2806 622 2835 et
647 2805 720 2837 371.
