1830 3201
266 191 344 228 228

264 300 364 337 ticus
406 298 566 348 Didymi
605 299 881 337 commentario
921 310 1015 337 usus
1058 299 1241 342 (fortasse
1281 297 1552 349 Symmachus)
1592 298 1743 336 addidit

266 387 314 391 —
340 378 427 404 nam
449 365 544 404 illud
574 356 596 401 J*
621 356 690 402 ὅτι
713 354 735 403 ὃ
757 361 835 415 μὲν
858 359 1087 411 Διονύσιος
1107 359 1337 417 τύραννος,
1363 358 1675 417 Θρασύβουλος
1698 360 1743 402 δὲ

265 425 508 484 ὁημοφιλής
536 432 598 470 hic
621 433 767 479 omitto,
800 433 905 482 quod
927 434 1174 483 praeclarum
1197 434 1361 483 praebet
1383 433 1603 482 exemplum
1626 434 1743 471 inter-

264 500 471 549 polationis
510 500 741 538 recentioris
780 512 801 538 e
833 500 981 539 scholio
1010 501 1028 538 I
1066 501 1142 538 huc
1180 500 1373 538 immissae
1404 520 1458 525 —-
1489 500 1589 538 alius
1625 499 1744 548 igitur

264 567 552 617 grammaticus,
594 579 680 605 cum
718 567 888 616 Didymo
926 579 1171 617 repugnans,
1211 567 1378 605 addidit:
1424 564 1590 617 μᾶλλον
1627 556 1745 604 δ’ἄυ

264 645 330 679 τις
362 623 652 684 ὑπονοήσειεν
686 627 838 685 ἕτερον
860 628 1093 672 Διονύσιον
1119 628 1439 684 Θρασυβούλου
1467 632 1550 672 τοῦ
1577 632 1746 672 Κολυτ-

268 698 377 746 recog
409 721 459 727 —-
492 702 597 740 hunc
629 703 730 740 enim
763 703 887 740 solum
919 703 1211 752 Thrasybulum
1243 715 1321 741 non
1343 703 1568 741 Stiriensem
1600 701 1769 752 cogno-⁴
1828 694 1830 701 ¹

266 769 369 806 visse
396 768 553 806 videtur
584 770 860 818 grammaticus
891 772 959 807 aut
989 770 1120 819 potius
1152 782 1172 807 e
1194 769 1347 819 Collyto
1369 782 1469 819 pago
1500 769 1745 818 praeclarum

266 836 372 873 illum
396 836 522 873 virum
556 839 682 874 ortum
715 848 800 875 esse
832 838 987 886 putavit
1018 848 1086 873 —2
1119 838 1192 874 iam
1224 840 1446 886 sequuntur
1475 837 1513 874 in
1546 836 1747 874 codicibus

269 892 465 950 ἀδελφὸν
487 897 663 953 ἔγγιστα
695 900 946 954 συγγενείαςι
974 895 1096 949 εἶναι,
1129 916 1230 953 quae
1262 905 1309 941 ab
1331 904 1628 942 Hemsterhusio
1660 915 1746 942 cum

266 969 587 1008 antecedentibus
618 971 827 1009 coniuncta
858 976 896 1009 et
927 975 1075 1009 mutata
1105 975 1195 1009 sunt
1226 971 1264 1008 in
1297 961 1493 1019 ἀδελφὸν
1526 962 1551 1020 ἢ
1574 965 1748 1021 ἔγγιστα

268 1033 517 1087 συγγενείας
554 1029 677 1084 εἶναι,
716 1051 802 1076 cum
839 1039 1136 1087 grammaticum
1174 1042 1286 1088 putet
1324 1038 1454 1077 dicere
1492 1039 1594 1077 velle
1632 1039 1749 1076 haec:

267 1106 395 1154 potius
427 1108 555 1143 autem
593 1105 816 1154 suspicetur
851 1107 994 1155 aliquis
1033 1107 1150 1144 alium
1187 1118 1272 1144 esse
1310 1107 1542 1155 Dionysium
1574 1106 1748 1156 Thrasy-

215 1162 218 1167 ’
268 1173 349 1211 buli
382 1173 617 1222 Collytensis
654 1175 722 1210 aut
751 1173 911 1212 fratrem
950 1176 1017 1211 aut
1046 1185 1191 1222 genere
1228 1174 1459 1222 proximum,
1496 1174 1562 1222 qui
1595 1174 1749 1211 scilicet

269 1240 365 1278 facie
396 1240 543 1278 fuerint
573 1244 650 1278 tam
683 1240 901 1290 dissimiles,
932 1245 973 1278 ut
1003 1241 1033 1279 si
1066 1241 1153 1290 quis
1184 1253 1246 1278 res
1276 1241 1501 1290 longissime
1528 1241 1748 1291 disparatas

268 1309 368 1346 inter
396 1320 435 1346 se
465 1320 701 1357 componere
728 1308 1025 1358 aggrederetur,
1057 1308 1192 1347 eodem
1223 1310 1306 1346 iure
1339 1309 1579 1347 contendere
1610 1312 1744 1358 posset

268 1376 521 1425 Thrasybulo
553 1377 715 1414 similem
747 1388 832 1414 esse
863 1377 926 1415 vel
956 1376 1115 1414 fratrem
1148 1377 1210 1414 vel
1241 1377 1507 1426 propinquum
1541 1377 1624 1415 eius
1660 1377 1751 1414 Dio-

271 1444 437 1492 nysium.
497 1445 538 1481 In
563 1456 641 1492 qua
664 1444 889 1481 coniectura
911 1456 984 1493 ego
1007 1456 1164 1493 quoque
1190 1445 1451 1493 acquiescam.
1511 1444 1590 1481 lam
1623 1445 1751 1494 sequi-

272 1516 335 1550 tur
366 1508 435 1548 καὶ
469 1506 516 1547 ει
538 1509 592 1559 τι]
616 1501 759 1548 Ιλιάὸι
790 1507 1062 1561 σαᾳέστεροι
1084 1504 1203 1549 οἶδε]
1236 1503 1259 1562 ἢ
1280 1504 1393 1549 κατὰ
1415 1507 1619 1561 Δίδιμον,
1650 1524 1752 1561 quae

271 1580 319 1617 ab
351 1579 647 1617 Hemsteihusio
680 1582 829 1617 mutata
851 1583 942 1650 sunt
972 1580 1009 1616 in
1042 1575 1111 1615 καὶ
1146 1591 1193 1617 ευ
1216 1578 1270 1617 [9
1256 1571 1452 1630 ηουταὸη
1483 1575 1752 1629 σαφέστερον

273 1639 409 1683 οἶδεν
443 1638 469 1696 ἢ
502 1640 614 1683 κί’ὶιτι
645 1643 854 1696 ΔΙίὸυμον
896 1659 956 1691 ως
987 1642 1025 1683 εἴ
1053 1658 1117 1691 τις
1149 1643 1263 1697 λεγει
1295 1646 1390 1683 κτλ.
1429 1646 1468 1693 (i.
1497 1659 1528 1685 e.
1559 1650 1597 1684 et
1626 1647 1665 1684 in
1696 1646 1752 1684 fa-

274 1715 366 1752 bula
388 1715 587 1764 Gerytade
610 1716 833 1753 accuratius
856 1727 942 1753 eum
967 1715 1154 1753 describit
1184 1719 1221 1753 et
1243 1716 1429 1764 cognovit
1450 1718 1579 1763 poetam
1612 1714 1753 1752 deinde

272 1796 415 1821 novum
448 1784 637 1822 scholium
669 1784 806 1832 incipit
843 1774 867 1832 ἢ
908 1776 1019 1819 κατὰ
1049 1779 1241 1833 Δίδυμου
1278 1781 1402 1828 κτλ).
1461 1783 1607 1821 Contra
1638 1794 1752 1832 quem

272 1850 537 1889 Schneiderus
575 1852 599 1888 l.
627 1863 657 1888 a.
690 1863 777 1899 pag.
809 1853 858 1888 14
896 1850 1031 1888 dicens
1068 1851 1290 1900 proposuit:
1331 1846 1405 1886 καὶ
1442 1844 1489 1886 ἐν
1521 1842 1753 1900 Γηρυτάδῃ

273 1919 372 1965 (sive
395 1914 441 1956 ἐν
464 1909 641 1969 Δηλιάσι
679 1918 769 1955 adn.
794 1916 831 1966 1)
865 1913 1134 1966 σαφέστερον
1156 1910 1276 1955 οἶδεν
1306 1908 1332 1967 ἢ
1354 1907 1544 1954 'maffia
1566 1913 1754 1967 Δίδυμος

273 1987 310 2033 (ἰ.
333 1999 365 2024 e.
395 1987 432 2024 in
451 1986 743 2035 <commentario
767 1984 992 2035 Gerytadae
1024 1986 1249 2023 accuratius
1286 1997 1371 2022 eum
1413 1985 1596 2033 cognovit
1633 1985 1752 2033 Didy-

274 2054 385 2103 mus),
416 2065 501 2092 cum
530 2053 768 2092 Schmidtius
791 2052 962 2102 denique
983 2053 1094 2090 simili
1118 2053 1212 2090 vitio
1233 2053 1270 2090 in
1295 2053 1416 2090 schol.
1438 2052 1594 2090 Homer.
1616 2051 1649 2088 θ
1673 2054 1753 2091 224

272 2120 491 2167 invent015)
525 2122 633 2159 nisus
665 2121 932 2170 proposuerit:
963 2115 1036 2156 καὶ
1068 2110 1362 2164 Ἀπολλώνιος
1393 2115 1665 2169 σαφέστερον
1695 2112 1755 2157 οἷ-

274 2186 348 2225 ὁει)
389 2180 501 2226 κατά
538 2200 581 2238 γε
616 2184 819 2237 Δίὸυμον.
890 2188 1011 2225 Nulla
1058 2200 1078 2225 e
1118 2187 1352 2225 coniecturis
1398 2188 1530 2225 allatis
1576 2187 1755 2225 omnibus

274 2257 446 2294 numeris
477 2257 656 2294 absoluta
689 2255 817 2304 est¹⁶);
856 2267 993 2293 sensus
1030 2259 1157 2292 autem
1192 2255 1263 2292 loci
1302 2258 1430 2303 potest
1466 2254 1754 2302 quodammodo

388 2355 430 2394 15)
465 2352 521 2388 Cf.
548 2352 765 2392 Meinekius,
792 2351 900 2386 Anal.
920 2351 1121 2385 Alexandr.
1146 2360 1226 2394 pag.
1250 2354 1310 2384 154
1337 2350 1417 2384 adn.
1441 2354 1466 2384 l.

389 2412 429 2450 ¹⁴²)
463 2408 584 2444 Aliter
609 2409 654 2443 de
680 2413 757 2442 toto
783 2408 848 2442 hoc
871 2407 1011 2442 scholio
1038 2407 1215 2441 iudicavit
1240 2406 1455 2450 Ludwigius
1481 2406 1518 2440 in
1538 2416 1675 2440 summa
1693 2406 1756 2448 rei,

274 2470 446 2509 quamtum
484 2466 529 2499 ad
567 2465 765 2509 Didymum
804 2464 971 2507 refertur,
1008 2473 1147 2497 mecum
1185 2462 1430 2497 consentiens.
1490 2462 1755 2497 Hemsterhusii

275 2523 367 2557 enim
394 2527 430 2556 et
455 2521 647 2556 Schmidtii
681 2520 902 2555 coniecturis
933 2519 1097 2564 probatis
1128 2518 1310 2561 ita,legit:
1341 2513 1362 2562 ἢ
1389 2512 1445 2552 ὅτι
1484 2514 1503 2551 ὁ
1535 2516 1606 2560 μὲν
1630 2514 1757 2552 Διονύ-

277 2591 355 2619 ιῑςιο
382 2591 563 2622 τιοιιινςο
567 2574 871 2622 ,Θρασίβοιλςο
896 2575 933 2611 δὲ
966 2573 1183 2620 ὸηιιοᾳιλής.
1222 2576 1368 2617 ιικ2..’2οι
1394 2570 1423 2608 ὸ
1442 2570 1486 2608 (ἐι
1511 2586 1565 2615 τις
1597 2569 1756 2618 ιποιοή-

277 2647 296 2668 ο
303 2647 347 2668 ειι
348 2648 377 2668 -r
404 2630 462 2668 ζ’-ἐτ
470 2647 535 2679 σοι
561 2630 1049 2678 movimur()0(<‹51-›'01')01
1078 2635 1142 2666 ros
1169 2627 1335 2665 Λολλιῖέ
1329 2644 1391 2672 -rgo
1416 2626 1582 2675 ἀδελφὸν
1607 2626 1757 2674 ,Ἰεγγι-

277 2703 345 2724 στι(
373 2703 429 2724 151·-
421 2702 485 2734 fra>
473 2702 526 2724 ε’(ι
527 2702 594 2730 ιιις
621 2684 726 2723 sitm.
767 2688 829 2723 >cal
861 2685 1102 2728 'inanimam
1135 2684 1301 2731 οαᾳέστε
1308 2699 1375 2731 (ιο)
1407 2681 1505 2721 οἶδεν
1535 2682 1555 2730 η’
1586 2683 1683 2720 κατά
1710 2698 1753 2730 γε

276 2745 446 2788 jungam:
481 2747 579 2789 quod
613 2746 810 2780 seeundum
837 2745 1074 2780 Schmidtiuin
1100 2744 1180 2778 vult
1205 2743 1396 2786 explicari:
1432 2742 1622 2786 Apollonii
1648 2742 1755 2776 huius

278 2803 343 2837 loci
370 2803 622 2847 interpretatio
649 2802 853 2836 evidentior
878 2806 934 2836 est
959 2811 1062 2844 quam
1089 2800 1235 2843 Didymi
1263 2799 1533 2843 („Apollonius'
1553 2797 1755 2834 Verstiind-
