1815 3231
1441 191 1510 224 125·

41 291 224 342 praefuit,
255 294 433 342 apparet.
492 293 672 332 Ceterum
706 294 805 332 hanc
827 296 1045 345 explicandi
1070 298 1256 335 rationem
1290 311 1334 335 ea
1366 311 1406 337 rc:
1439 304 1511 336 sta-

41 361 144 399 biliri
177 360 276 410 dico,
309 360 415 410 quod
449 361 620 399 occurrit
650 373 865 411 cognomen
900 352 922 398 ὁ
955 358 1001 399 ἑκ
1031 361 1284 412 (tormini-J)

154 427 336 477 Denique
368 426 570 466 Schmidtii
593 430 856 467 coniecturam
888 430 1164 478 adnotamerini,
1196 433 1260 481 qui
1294 446 1362 481 pro
1387 434 1512 471 verbis

41 487 64 533 ὃ
96 490 144 533 ἐν
169 486 288 533 ἄστει
320 495 487 534 fortasse
519 489 769 547 ἐνστάτηςῖ)
801 498 1008 547 legendum
1038 511 1121 537 esso
1153 502 1317 538 censuit:
1350 501 1416 538 sed
1451 514 1511 539 nc-

41 574 117 613 que
150 575 249 612 opus
277 565 337 601 est
367 564 594 609 mutatione,
626 563 656 601 si
688 567 794 602 recte
826 567 1088 615 exposuimus,
1119 579 1245 616 neque
1277 568 1372 604 libor
1403 559 1513 617 πρὸς

41 623 93 668 τὰ
127 618 205 668 ὑπ’
234 620 513 681 Ἀριστάρχου
553 620 846 681 ἅθετούμενα,
890 646 1002 682 quem
1040 634 1274 672 Schmidtius
1315 635 1511 673 Zenodoto

6 712 7 715 ¹
39 698 312 738 Alexandrino
344 699 595 738 tribuendum
629 712 714 738 esse
751 701 823 738 sibi
855 702 1066 751 persuasit,
1105 703 1202 740 inter
1234 694 1513 748 ἐνστατικοίς

41 779 128 806 eum
159 766 309 806 referre
340 765 476 813 sinit-⁰⁵)

154 845 305 895 Quodsi
337 846 691 886 demonstravimus
728 848 967 886 Zenodotum
1001 848 1302 887 Alexandrinum
1336 863 1356 886 a
1388 851 1513 898 patria

39 915 115 954 hoc
153 927 374 965 cognomen
414 915 634 965 accepisse,
675 928 722 954 ea
761 919 866 954 certe
907 920 1027 954 restat
1066 917 1319 954 ratiocinandi
1361 918 1432 965 via,
1474 922 1513 954 ut

39 982 281 1022 Zenodotum
309 982 574 1021 Alexandriae
597 985 729 1021 natum
761 996 784 1021 a
805 983 896 1022 sede
918 984 1045 1029 Mallo,
1076 996 1153 1033 quo
1185 996 1226 1021 se
1258 988 1392 1033 postea
1424 997 1511 1021 eon-

39 1051 184 1098 tulerit,
215 1063 435 1100 cognomen
458 1051 644 1090 Mallotae
668 1052 826 1089 duxisse
853 1052 1146 1090 contendamus.
1205 1051 1280 1090 Sed
1312 1051 1407 1088 liaeo
1429 1064 1511 1089 sen·

41 1120 164 1158 tentia
195 1118 503 1158 dubitationibus
534 1122 612 1158 tam
645 1119 833 1168 gravibus
864 1123 923 1158 est
954 1120 1132 1168 obnoxia,
1164 1123 1204 1157 ut
1235 1132 1314 1156 eam
1348 1119 1511 1168 probare

41 1200 120 1227 non
150 1187 308 1237 possim.
368 1188 468 1225 Nam
491 1188 658 1237 primum
687 1187 926 1226 Zenodotum
950 1187 1162 1236 Ephesium
1185 1200 1206 1224 a
1228 1188 1351 1235 patria
1373 1199 1511 1236 cogno-

24 1247 129 1294 ‘men
161 1255 313 1304 cepisse
352 1267 466 1293 nemo
504 1256 640 1303 nescit,
685 1259 738 1304 ut,
776 1256 805 1293 si
844 1256 987 1293 mentio
1024 1255 1065 1292 fit
1100 1254 1283 1292 Zenodoti
1321 1254 1513 1302 Mallotac,

41 1324 146 1362 hunc
176 1323 284 1362 Malli
314 1325 450 1362 natum
482 1335 566 1361 esse
598 1323 807 1361 verisimile
838 1323 903 1371 sit3
940 1322 1078 1361 deinde
1109 1322 1146 1359 in
1169 1334 1276 1359 care
1307 1325 1364 1358 est
1396 1323 1512 1359 otl'en-

40 1391 223 1441 dendum,
253 1390 373 1441 quod,
404 1391 435 1429 si
466 1390 709 1429 Zenodotum
732 1391 929 1429 Mallotam
957 1392 994 1427 et
1015 1388 1318 1427 Alexandrinum
1348 1388 1511 1426 cundem

41 1458 260 1508 statuimus,
298 1470 384 1497 esse
416 1458 465 1496 ad
497 1471 584 1497 eum
623 1460 811 1508 quattuor
842 1457 1010 1496 redeunt
1046 1456 1290 1505 cognomina:
1327 1445 1513 1502 justus-m·-

42 1518 182 1577 δρεύς,
211 1518 476 1576 Μαλλώτης,
508 1515 531 1561 ὁ
554 1520 600 1563 ἐν
623 1516 755 1573 ἄστει,
788 1516 1053 1576 Κρατήτειος
1084 1545 1135 1548 —
1166 1536 1252 1562 nam
1281 1524 1353 1561 hoc
1375 1536 1512 1561 nomen

42 1596 254 1634 convenire
277 1595 479 1634 Zenodoto
502 1597 688 1635 Mallotae
713 1595 816 1634 infra
839 1594 1167 1634 demonstrabitur
1188 1603 1255 1641 -—;
1286 1596 1364 1630 tum
1397 1603 1514 1629 causa

42 1676 126 1703 esse
156 1676 236 1702 non
258 1663 427 1711 videtur,
460 1677 531 1703 cur
551 1664 786 1710 Zenodotus,
819 1664 885 1713 qui
906 1662 1145 1702 Alexandria
1167 1660 1354 1699 oriundus
1376 1671 1513 1697 nomen

42 1724 65 1770 ὃ
95 1727 142 1770 ἐν
170 1723 291 1770 ἄστει
322 1736 542 1783 acceperat,
572 1736 718 1783 postea,
750 1733 781 1770 si
804 1732 960 1770 Mallum
983 1730 1328 1779 transmigraverit,
1359 1728 1515 1766 Mallota

41 1801 265 1840 nominatus
302 1802 352 1840 sit
388 1813 517 1851 neque
558 1813 773 1850 cognomen
805 1799 900 1838 illud
937 1800 1030 1837 satis
1061 1798 1257 1848 singulare
1294 1796 1513 1843 retinuerit3

41 1872 248 1920 praeterea
278 1882 367 1908 cum
398 1870 531 1908 tabula
562 1870 816 1919 Hesychiana
846 1880 1008 1917 operum
1039 1866 1227 1906 Zenodoti
1258 1864 1514 1903 Alexandrini

41 1939 94 1977 ita
124 1937 174 1977 sit
206 1936 486 1989 comparata4),
517 1941 560 1977 ut
590 1937 793 1987 pristinam
816 1936 979 1975 formam
1012 1936 1263 1985 depravatam
1289 1945 1373 1971 esse
1404 1943 1514 1970 nemo

42 2019 122 2046 non
152 2007 367 2057 intellegat,
404 2009 554 2045 remoto
590 2006 678 2044 libri
709 1995 819 2055 πρὸς
849 1997 902 2041 τὰ
932 1993 1006 2040 ὑπ’
1029 1993 1305 2053 Ἀριστάρχου
1338 1992 1515 2037 (idat-01²-

41 2085 151 2126 μενοι
181 2075 311 2126 titulo,
342 2087 420 2124 qua
440 2087 483 2113 re
514 2075 652 2112 nititur
678 2076 948 2123 argumentum
977 2072 1246 2121 gravissimum
1274 2082 1419 2117 eorum,
1450 2068 1514 2117 qui

43 2143 285 2182 Zenodotum
324 2142 637 2182 Alexandrinum
681 2145 718 2180 et
758 2141 957 2179 Mallotam
1003 2138 1169 2177 eundem
1215 2149 1299 2175 esse
1345 2139 1518 2184 censent,

43 2210 230 2250 facillime
268 2212 376 2251 locus
416 2210 658 2256 emendatur,
702 2213 744 2248 ut
784 2209 874 2247 mihi
914 2207 1067 2257 quidem
1109 2205 1273 2243 videtur.
1338 2204 1515 2252 Denique

6 2331 8 2334 .
45 2279 183 2318 mirum
215 2282 275 2318 est
305 2280 344 2318 in
376 2280 564 2330 reliquiis,
595 2291 696 2329 quae
728 2278 798 2315 sub
829 2275 1015 2315 Zenodoti
1043 2274 1226 2312 Mallotae
1256 2273 1411 2310 nomine
1444 2272 1517 2308 cir-

45 2347 333 2397 cumferuntur,
362 2349 488 2387 locum
520 2361 598 2386 non
631 2359 728 2396 esse,
757 2345 823 2395 qui
855 2347 1004 2394 spectet
1033 2342 1082 2380 ad
1108 2353 1173 2380 eos
1194 2341 1320 2382 libros,
1352 2351 1514 2388 quorum

44 2415 146 2454 tituli
177 2416 214 2454 in
247 2415 380 2454 tabula
409 2415 597 2455 Suidiana
628 2414 719 2452 inde
749 2426 771 2451 a
798 2412 916 2450 verbo
949 2404 1105 2460 ἔγραψε
1139 2406 1348 2455 εΧ3ῐειιῖ5);
1380 2410 1516 2444 contra

159 2538 187 2580 ¹)
218 2535 350 2571 Affero
376 2536 531 2580 exempli
558 2535 674 2579 gratia
699 2533 798 2569 Suid.
825 2543 851 2566 s.
871 2543 904 2565 v.
931 2527 1051 2564 Θέωνς
1078 2525 1096 2562 ὃ
1126 2524 1168 2563 ἐκ
1194 2525 1382 2570 μοι-σείων.

158 2594 189 2636 2)
221 2591 277 2628 Cf.
303 2592 403 2628 Suid.
441 2603 468 2627 S.
493 2603 528 2626 v.
559 2592 796 2633 Πτολεμαῖυς
836 2583 1111 2633 γραμματικός
1154 2580 1172 2619 ὁ
1215 2579 1391 2625 ίῗῖῑιθὲτῃς
1432 2583 1515 2624 2221,-

46 2647 140 2691 θείς,
169 2649 247 2684 sim.

158 2707 187 2749 ³)
218 2705 400 2740 Schrader
425 2705 446 2740 l.
466 2705 487 2739 l.
512 2716 546 2749 p.
565 2708 639 2739 431.

159 2764 189 2806 ⁴)
221 2760 275 2797 Cf.
301 2772 335 2805 p.
357 2765 429 2796 131.

159 2819 190 2862 ⁵)
223 2817 279 2854 Cf.
306 2828 339 2862 p.
361 2820 435 2853 134.
