1815 3231
1480 190 1523 224 71

54 294 96 330 ut
127 291 397 341 lexicographi
428 292 735 337 Autenriethius,
767 293 949 342 Seilerus,
981 294 1219 343 Ebelingius,
1254 297 1410 334 verbum
1444 310 1528 334 csse

53 359 384 398 denominativum
417 372 440 397 a
471 359 720 397 substantivo
752 357 887 405 κῦδος
920 374 995 399 non
1028 375 1139 400 secus
1171 368 1286 412 atque
1320 360 1528 404 zrrlcu'rm,

54 419 222 464 κυόιάω
260 427 467 476 repetitum
507 426 694 465 iudicant.
755 429 927 466 Eandem
967 431 1196 468 sententiani
1240 433 1528 480 inmoysi-11⁵¹)

53 507 211 544 quoquc
243 495 385 533 habere
418 493 586 543 videtur,
628 494 718 532 dum
753 488 932 532 xe-‹mm
970 498 1128 535 alteram
1163 499 1320 536 soi-niani
1360 500 1527 537 ‹lenonii-

54 563 175 601 nativi
213 558 412 600 κυδαίνιι)
452 574 538 600 esse
577 566 723 601 censet.
781 563 1010 612 Suspicatur
1047 567 1145 603 enini
1185 567 1380 615 antiquam
1420 569 1526 605 smni-

53 630 230 668 vocalem
253 630 283 677 j
309 631 346 668 in
379 631 511 669 verbis
543 631 580 668 in
610 623 724 667 -ιὲνω
756 632 990 670 exeuntibus
1022 634 1104 671 sine
1130 634 1299 683 vestigiis
1330 636 1530 683 interiisse,

53 699 135 737 sive
176 700 218 736 ut
255 699 367 737 aliter
406 711 487 737 rem
526 698 755 743 describam,
797 700 1040 748 epenthesin⁷
1082 714 1195 750 quani
1234 707 1388 750 vocant,
1430 716 1529 752 quae

54 766 185 806 verbis
208 765 514 812 denominativis
545 767 582 804 in
605 762 736 803 -αίνω
758 782 809 797 z
832 760 962 814 -dvjoa
985 768 1248 807 desinentibus
1280 770 1422 817 subest,
1454 783 1528 807 non

53 846 139 872 esse
164 833 321 872 factam.
371 833 447 872 Sed
479 836 668 884 praestat,
700 846 786 872 cum
817 835 935 872 verba
967 836 1003 873 in
1032 828 1141 872 -άνω
1172 836 1349 874 cadentia
1380 849 1530 886 semper

53 904 204 940 tantum
236 902 275 940 in
307 902 508 951 praesenti
538 904 713 951 tempore
746 904 784 939 et
813 902 1041 951 imperfecto
1075 904 1333 952 reperiantur,
1370 917 1453 941 cuni
1487 907 1530 941 (ἱ.

53 966 256 1018 Meye1·o‘-')
291 958 401 1005 -o'wm
433 981 505 1018 pro
528 968 718 1006 elemento
750 968 798 1006 ad
822 969 979 1018 stirpem
1003 971 1220 1018 praesentis
1242 971 1426 1019 temporis
1457 970 1529 1008 sor-

54 1035 233 1074 mandam
255 1035 469 1074 accedente
491 1035 637 1073 habere
660 1035 902 1085 verbumque
924 1036 972 1073 ad
994 1037 1116 1086 ipsam
1141 1037 1309 1075 radicem
1334 1038 1531 1075 reducere.

55 1104 166 1152 Quae
198 1103 339 1142 radicis
362 1103 594 1153 significatio
626 1103 756 1153 fuerit,
788 1107 895 1141 certo
925 1104 1102 1142 dirimere
1126 1118 1199 1143 non
1223 1106 1355 1143 ausim,
1418 1105 1529 1142 Haud

54 1172 134 1210 scio
152 1184 201 1210 an
220 1170 471 1209 intransitiva
488 1172 593 1210 notio
616 1184 782 1221 „magna
801 1172 837 1209 vi
856 1172 1121 1221 felicitateque
1140 1173 1245 1211 esse*
1261 1172 1291 1218 ²⁴)
1310 1173 1532 1221 principalis

51 1234 184 1290 fuerit,
215 1242 254 1278 et
284 1239 491 1277 transitiva
523 1239 627 1277 notio
661 1252 683 1277 a
714 1240 918 1278 transitivo
951 1239 1240 1279 denominativo
1270 1237 1462 1277 moun-m
1495 1242 1529 1277 in

58 1308 218 1347 verbum
251 1299 431 1344 κυδάυω
463 1307 512 1345 sit
543 1307 744 1345 translata.

169 1387 340 1425 Verbum
372 1399 450 1425 non
482 1387 627 1436 legitur
658 1387 732 1424 nisi
764 1387 802 1424 in
835 1387 953 1425 Iliade

167 1455 203 1490 Ι.
249 1455 564 1493 intransitive
605 1453 644 1492 Γ
665 1457 717 1493 42
756 1458 870 1499 τεῖος
903 1444 1052 1504 Ἀχαιοὶ
1086 1451 1163 1504 μὲν
1193 1444 1283 1504 μέγ’
1305 1446 1532 1500 ixi-darom

55 1512 204 1560 οὕνεκ’
222 1512 438 1573 Ἀχιλλεὺς
457 1518 459 1574 i
480 1515 683 1573 ἐξεφάνη,
714 1523 871 1573 proprie
905 1523 1074 1568 „Achaei
1097 1523 1240 1572 impleti
1263 1527 1374 1562 crant
1396 1535 1534 1570 magna

56 1591 95 1629 vi
126 1591 312 1641 bonoque
344 1589 498 1629 animo“
535 1589 710 1637 („waren
742 1590 823 1629 voll
854 1591 998 1628 stolzer
1026 1590 1279 1628 Zuversicht“
1315 1591 1358 1627 L.
1380 1591 1535 1638 Meyer„

57 1659 136 1708 vgl.
157 1657 346 1697 G1·amm.2
374 1658 403 1708 1,
428 1660 551 1703 10363
584 1656 811 1704 Ameisius).
871 1657 1014 1696 Confer
1036 1658 1269 1695 locutionem
1292 1657 1533 1695 Homericam

55 1718 182 1762 κύδεϊ
211 1721 351 1775 γαίων
388 1724 635 1772 („strahlend
668 1725 705 1762 in
738 1725 956 1762 herrlieher
987 1723 1158 1771 Kraft“).
1218 1725 1290 1761 Vix
1323 1726 1427 1761 recte
1459 1722 1535 1761 Sei-

55 1794 161 1832 lerus
192 1794 364 1843 explieat
399 1793 506 1839 „sich
526 1793 704 1839 riihmen,
736 1793 834 1830 stolz
857 1792 979 1830 sein“.
1039 1792 1192 1829 Etenim
1221 1792 1345 1828 minus
1367 1794 1436 1839 est,
1467 1802 1536 1828 cur

56 1862 206 1901 Achaei
237 1862 471 1912 glorientur,
510 1861 616 1912 quod
648 1860 822 1899 Achilles
860 1860 908 1898 ab
939 1861 994 1897 ira
1032 1859 1221 1897 desistens
1258 1872 1364 1897 arma
1403 1870 1537 1896 rursus

58 1933 195 1970 eontra
224 1930 421 1968 Troianos
453 1930 570 1979 cepit,
608 1941 723 1978 quam
757 1941 826 1966 eur
857 1928 958 1966 bono
991 1928 1118 1965 animo
1151 1939 1369 1975 magnaque
1401 1926 1436 1962 vi
1468 1926 1535 1962 im-

56 1999 251 2048 pleantur,
283 1998 377 2048 quia
399 1997 607 2047 Achillem,
638 1996 889 2035 fortissimum
922 1996 1045 2033 virum
1078 1994 1245 2032 omnium
1278 1994 1536 2034 Achaeorum,

57 2080 165 2106 arma
197 2069 335 2106 eontra
358 2067 492 2106 hostes
514 2066 705 2105 ferentem
727 2065 923 2103 videbant.
982 2063 1092 2113 Papii
1122 2075 1237 2112 porro
1269 2061 1536 2110 interpretatio

63 2135 251 2186 „gloriam
288 2135 447 2182 habere,
484 2133 657 2173 referre“
700 2145 771 2171 nec
802 2133 928 2170 minus
966 2130 1227 2169 Autenriethii
1266 2129 1538 2178 Ebelingiique

63 2204 313 2254 „superiores
342 2202 452 2242 esse“
489 2202 603 2240 nimis
624 2201 752 2250 ampla
784 2203 853 2239 est.
912 2200 1051 2248 Neque
1074 2198 1173 2236 enim
1196 2198 1363 2235 Achaeis
1385 2197 1537 2235 occasio

0 2324 3 2327 ,
61 2273 211 2322 gloriae
242 2271 478 2310 referendae
510 2271 642 2310 oblata
674 2269 783 2315 est4)‚
814 2270 856 2306 ut
887 2280 907 2305 e
935 2280 997 2305 vv,
1019 2269 1181 2305 41—-46
1214 2265 1350 2313 elucet,
1387 2265 1424 2302 in
1457 2263 1540 2313 qui·

174 2416 202 2457 1)
235 2413 295 2449 Cf.
319 2414 394 2458 vgl.
413 2414 569 2449 Gramm.
588 2412 634 2455 II,
654 2415 704 2446 73.

171 2473 201 2512 2)
234 2469 289 2507 Cf.
315 2481 370 2515 gr.
388 2470 561 2505 Gramm.2
585 2469 699 2513 §50‹3.
741 2465 902 2501 Verbum
927 2474 947 2498 a
972 2464 1112 2498 nomine
1138 2465 1248 2503 κῦδος
1273 2462 1406 2496 ducere
1432 2461 1539 2495 licere

60 2528 294 2563 Duentzerus
319 2527 366 2561 ad
388 2527 422 2562 Ξ
438 2529 478 2560 73
504 2529 626 2569 negat.

173 2584 202 2628 3)
236 2583 477 2618 substantivo
495 2584 608 2622 κῦδος
631 2589 795 2624 magnam
814 2577 885 2611 vim
911 2575 1196 2619 felicitatemque
1223 2573 1389 2608 denotari
1415 2572 1537 2606 Amei-

61 2641 137 2675 sius
168 2640 206 2674 in
232 2650 315 2684 app.
342 2638 388 2673 ad
411 2640 440 2673 Θ
457 2642 495 2673 51
525 2637 652 2673 Suhlio
677 2638 875 2680 praeeunte
905 2643 950 2667 ex
975 2643 1044 2667 usu
1079 2632 1183 2666 huius
1210 2629 1433 2665 substantivi
1464 2627 1540 2662 afti-

61 2697 235 2742 niumque
260 2696 458 2731 verborum
483 2694 635 2739 colligit.

175 2755 205 2796 ¹)
237 2753 465 2796 Kammerus,
490 2751 561 2786 Zur
586 2750 719 2784 homer.
737 2748 864 2791 Frage,
890 2746 935 2788 ΙΙ,
961 2745 1198 2788 Konigsberg
1226 2746 1319 2781 1570,
1343 2741 1409 2775 hac
1430 2751 1540 2775 causa

63 2813 271 2847 commotus
296 2818 427 2845 versus
445 2810 577 2844 41-—43
603 2805 748 2853 spurios
767 2813 848 2839 esse
873 2801 1068 2842 existimat,
1093 2805 1129 2834 at
1147 2799 1293 2842 iniuria3
1319 2796 1364 2832 ef.
1383 2795 1540 2832 Ameisii
