1830 3201
273 160 349 195 125

270 270 427 317 praeter
450 267 662 317 Ephesium
692 268 855 317 profert,
886 268 1153 307 Alexandriae
1184 271 1316 307 natum
1349 281 1432 308 esse
1464 282 1614 309 censeo.
1663 271 1743 308 Iam

270 335 459 385 sequitur,
498 337 539 373 ut
576 335 623 374 de
662 336 893 386 cognomine
931 347 954 373 0
986 330 1033 373 ἐν
1064 327 1183 374 ἄστει
1219 336 1468 387 disseramus,
1504 350 1583 387 qua
1619 337 1666 377 de
1703 351 1745 377 re

271 414 349 441 non
392 402 642 440 consentiunt
677 402 751 440 viri
789 403 903 442 docti.
967 404 1017 441 Et
1053 403 1229 441 Daubius
1268 403 1425 453 quidem
1467 405 1633 443 coniecit
1671 405 1746 443 hoc

271 481 412 509 nomen
458 470 512 507 ita
557 482 641 508 esse
685 470 1039 520 interpretandum,
1083 473 1126 508 ut
1165 483 1187 508 a
1227 470 1440 521 Zenodoto,
1484 472 1550 521 qui
1591 473 1745 522 Epheso

272 537 551 576 Alexandriam
583 549 625 576 se
658 538 867 576 contulerit
898 540 936 576 et
966 537 1261 576 Alexandrinus
1292 538 1419 577 factus
1451 540 1512 589 sit,
1542 542 1747 589 separetur

271 607 316 655 is,
346 606 412 654 qui
445 608 559 644 natus
581 605 630 644 sit
660 606 699 643 in
721 607 817 644 urbe
839 608 934 655 ipsa,
966 606 1030 644 ubi
1061 608 1228 643 aetatem
1260 605 1378 655 degit.
1435 607 1576 656 Neque
1605 610 1748 657 tamen,

272 676 315 711 ut
351 674 451 711 hanc
482 673 584 711 viam
621 674 845 723 explicandi
884 673 1143 723 comprobem,
1178 674 1387 723 impetrare
1423 687 1445 712 a
1476 686 1536 712 me
1573 686 1749 725 possum;

273 754 362 780 nam
394 741 433 779 in
465 741 539 779 hoc
571 741 803 791 cognomine
835 741 1065 780 vocabulum
1099 736 1385 791 γεγενημένος
1416 742 1479 780 vel
1510 742 1631 780 simile
1661 742 1749 780 sub-

272 808 510 847 audiendum
553 820 639 847 esse
680 809 869 858 exemplis
906 809 1175 847 demonstrare
1212 808 1371 847 difficile
1408 810 1472 857 sit,
1515 822 1602 848 cum
1640 810 1749 848 verbi

272 876 505 915 substantivi
550 876 624 914 vim
670 875 853 914 facillime
898 876 1098 914 adieceris.
1172 876 1309 925 Aeque
1354 876 1471 914 reicio
1517 877 1749 916 sententiam

273 944 508 993 Duentzeri,
551 944 617 992 qui
654 956 690 992 p.
719 946 770 983 25
808 943 900 982 dicit
935 943 1177 982 Zenodotum
1213 947 1314 989 „tam
1346 946 1570 982 constanter
1606 944 1645 982 in
1677 945 1751 982 hac

274 1012 370 1051 urbe
400 1024 452 1050 sc.
474 1011 718 1050 Alexandria
745 1012 979 1050 domicilium
1002 1011 1147 1061 fixisse,
1174 1014 1217 1049 ut
1237 1011 1328 1049 inde
1349 1000 1372 1048 ὁ
1395 1005 1442 1048 ἐν
1465 1003 1583 1049 ἄστει
1604 1011 1750 1050 dicere-

273 1079 378 1129 tur“;
406 1092 494 1118 nam
517 1082 554 1118 et
571 1078 817 1118 artificiosior
839 1079 930 1118 mihi
949 1091 1033 1117 esse
1050 1079 1207 1118 videtur
1230 1091 1357 1129 neque
1373 1079 1613 1118 Zenodotum
1631 1092 1751 1129 quen-

275 1148 361 1185 dam
383 1146 676 1197 grammaticum
706 1147 818 1185 modo
841 1147 904 1184 hie
933 1147 1045 1185 modo
1068 1147 1146 1184 illic
1173 1146 1304 1185 sedem
1328 1147 1541 1186 collocasse
1564 1147 1751 1186 traditum

276 1218 345 1254 cst.
394 1216 516 1253 Immo
546 1227 638 1253 vero
670 1213 1009 1264 Schneiderum1),
1039 1226 1154 1264 quem
1187 1217 1344 1253 secutus
1372 1217 1430 1252 est
1460 1214 1752 1262 Schmidtius2),

276 1284 361 1321 iure
384 1281 636 1321 contendisse
657 1282 826 1320 arbitror
848 1282 1049 1320 Zenodoto
1071 1279 1134 1332 τῷ
1158 1277 1205 1319 ἐν
1223 1274 1341 1319 ἄστει
1364 1283 1638 1331 cognominato
1660 1283 1753 1322 alte-

275 1363 359 1389 rum
393 1349 549 1400 opponi,
587 1350 652 1399 qui
684 1343 731 1386 ἐν
758 1338 871 1397 αὐλῇ
902 1352 969 1387 aut
996 1343 1043 1386 ἐν
1067 1345 1317 1399 προαστείῳ
1349 1352 1417 1388 aut
1443 1344 1490 1386 ἐν
1518 1345 1753 1400 κωμυδρίῳ

276 1421 540 1457 commoratus
572 1418 632 1456 sit.
692 1418 780 1465 Qua
803 1417 851 1455 de
872 1429 914 1455 re
945 1417 1014 1455 etsi
1040 1418 1234 1455 assentior
1266 1417 1323 1455 his
1344 1417 1438 1455 viris
1460 1417 1594 1467 doctis,
1623 1420 1753 1456 tamen

276 1498 428 1525 errasse
450 1486 540 1523 mihi
562 1485 756 1535 videntur,
788 1484 893 1534 quod
924 1484 998 1523 hoc
1021 1497 1236 1533 cognomen
1264 1485 1463 1523 Zenodoto
1484 1485 1753 1524 Alexandrino

274 1567 359 1593 eam
391 1554 439 1592 ob
472 1566 552 1592 rem
584 1553 748 1591 inditum
782 1564 868 1591 esse
900 1554 1150 1598 censuerunt,
1182 1554 1224 1590 ut
1254 1565 1276 1590 a
1306 1553 1463 1591 Mallota
1494 1552 1753 1602 distinguere-

274 1626 356 1672 tur,
402 1634 488 1660 cum
536 1621 584 1659 de
625 1621 799 1671 Ephesio
848 1633 924 1658 non
969 1620 1244 1669 cogitaverint,
1289 1632 1402 1669 quem
1446 1620 1754 1659 Alexandrinum

273 1690 420 1728 factum
443 1701 529 1727 esse
559 1701 680 1739 supra
702 1688 915 1727 docuimus.
965 1688 1084 1726 Putat
1105 1688 1206 1725 enim
1229 1687 1492 1727 Schneiderus
1514 1689 1755 1727 assentiente

275 1758 488 1799 Schmidtio
527 1758 726 1797 Zenodoto
758 1754 822 1808 τῷ
854 1752 901 1794 ἐν
933 1747 1048 1794 ἄστει
1081 1752 1295 1807 κληθέντι
1333 1757 1477 1807 opponi
1512 1758 1753 1796 Zenodotum

276 1827 490 1876 Mallotam,
522 1826 588 1876 qui
620 1826 658 1863 in
690 1823 819 1871 viooss)
850 1836 974 1874 prope
1001 1824 1281 1862 Alexandriam
1313 1825 1385 1862 sito
1418 1825 1570 1863 vixerit.
1629 1824 1754 1872 Quam

276 1895 543 1934 coniecturam
584 1893 756 1942 ineptam
799 1905 884 1931 esse
925 1892 996 1931 etsi
1037 1892 1277 1931 contendere
1318 1905 1396 1931 non
1438 1892 1584 1943 audeo,
1626 1896 1755 1932 tamen

278 1976 418 2002 novam
461 1974 683 2012 proponere
724 1974 801 1999 non
843 1961 988 2010 dubito,
1027 1973 1106 2010 qua
1147 1961 1400 2010 comprobata
1442 1973 1521 1999 non
1560 1973 1659 2010 opus
1700 1963 1759 1999 est

276 2034 416 2080 putare
439 2030 681 2069 Zenodotum
705 2030 905 2068 Mallotam
929 2041 1087 2079 quoque
1109 2029 1372 2067 Alexandriae
1396 2031 1562 2067 aetatem
1585 2029 1757 2079 degisse;

277 2112 405 2149 neque
445 2099 545 2137 enim
589 2097 803 2147 quidquam
846 2098 919 2135 hac
959 2097 1005 2135 de
1044 2109 1085 2135 re
1127 2101 1185 2135 est
1228 2096 1426 2135 traditum.
1494 2096 1759 2146 Distinguitur

277 2166 502 2206 Zenodotus
541 2155 564 2202 ὁ
605 2160 652 2202 ἐν
690 2157 809 2202 ἄστει
847 2165 894 2202 ab
931 2165 1114 2214 Ephesio,
1150 2165 1216 2214 qui
1253 2165 1292 2202 in
1324 2165 1433 2214 regia
1473 2167 1532 2202 est
1562 2167 1757 2209 versatus3

280 2248 368 2274 nam
400 2238 437 2273 et
468 2234 572 2284 regis
603 2231 857 2283 puerorum‘1)
889 2232 1141 2271 educatorem
1174 2245 1260 2270 eum
1292 2232 1413 2270 fuisse
1444 2232 1611 2270 vidimus
1649 2236 1688 2270 et
1718 2233 1756 2270 in

280 2315 427 2353 museo,
459 2302 564 2352 quod
592 2302 724 2351 regiae
753 2300 826 2338 fuit
854 2296 998 2350 ραι-85),
1028 2300 1158 2339 sedem
1181 2300 1374 2350 habuisse,
1404 2300 1469 2349 qui
1501 2299 1759 2338 bibliothecae

394 2412 421 2454 ¹)
453 2410 587 2444 Jenaer
612 2408 715 2453 Allg.
735 2408 821 2442 Litt.
841 2408 999 2451 Zeitung
1025 2411 1121 2449 1848,
1145 2418 1194 2442 nr.
1215 2410 1289 2441 218.

390 2469 420 2511 2)
460 2465 673 2501 Zeitschrift
696 2464 755 2499 fiir
780 2466 838 2500 die
863 2464 1193 2499 Alterthumswiss.
1222 2467 1316 2507 1858,
1342 2475 1375 2507 p.
1397 2467 1470 2498 253.

390 2526 419 2566 ³)
451 2522 505 2557 Cf.
532 2522 629 2557 Suid.
657 2533 684 2557 s.
703 2533 735 2557 V.
759 2520 996 2565 Καλλίμαχος
1021 2548 1028 2555 .
1054 2549 1060 2555 .
1089 2548 1096 2555 .
1123 2549 1130 2555 .
1155 2519 1242 2565 πρὶν
1268 2519 1305 2555 δὲ
1333 2522 1510 2564 συσταθῇ
1536 2523 1588 2566 τῷ
1613 2521 1759 2564 βασιλεῖ

281 2578 488 2625 γράμματα
517 2575 712 2614 ἐδίδασκεν
740 2575 779 2613 ἐν
804 2573 978 2612 Ἐλευσῖνι
1005 2576 1207 2623 κ(ι)μυὸ’ρίῳ
1233 2580 1297 2620 τῆς
1326 2571 1611 2621 Ἀλεξανδρείας.

391 2639 419 2679 4)
451 2634 505 2671 Cf.
532 2646 564 2678 p.
587 2638 659 2669 124.
688 2638 758 2668 125.

391 2694 420 2735 5)
457 2691 585 2725 strabo
611 2701 644 2734 p.
665 2693 746 2724 793:
778 2692 853 2723 τῶν
879 2687 917 2723 δὲ
942 2687 1145 2734 βασιλείων
1169 2684 1287 2732 μέρος
1313 2684 1393 2722 ἐστὶ
1423 2686 1487 2722 καὶ
1511 2684 1553 2721 τὸ
1579 2691 1761 2729 μουσεῖον

279 2745 368 2793 ἕχον
393 2746 605 2791 περίπατον
629 2745 691 2780 καὶ
720 2741 874 2789 ἐξέδραν
905 2743 969 2778 καὶ
995 2739 1100 2777 οἷκον
1124 2740 1245 2787 μέγαι-
1273 2740 1312 2778 ἐν
1338 2736 1366 2789 ᾧ
1393 2741 1436 2777 τὸ
1465 2742 1658 2778 συσσίτιον
1683 2745 1760 2776 τῶν

278 2801 520 2850 μετεχόντων
544 2805 613 2838 τοῦ
641 2800 824 2845 noveslai·
850 2797 1067 2844 φιλολόγων
1093 2795 1251 2844 ἀνδρῶν.
