1815 3231
1448 188 1525 220 2:25)

161 293 240 331 Iam
279 292 328 330 ad
367 292 645 342 cognoscenda
681 295 828 332 scholia
866 295 1072 346 Didymen,
1111 301 1151 334 ut
1190 297 1242 333 ita
1280 296 1419 344 dicam,
1456 296 1528 333 nisi

47 361 77 398 si
115 361 197 398 eius
237 361 392 399 nomine
430 362 569 398 ornata
605 365 707 411 sunt,
747 363 944 410 duplicem
986 364 1106 401 habes
1137 365 1250 412 viam,
1287 364 1446 401 alteram
1487 368 1528 401 ut

48 427 190 477 quibus
221 426 405 466 dictionis
437 427 520 465 eius
552 430 736 477 propriae
767 434 919 468 exstent
951 431 1113 480 vestigia
1143 431 1327 480 inquiras,
1364 431 1524 468 alteram

50 498 90 533 ut
129 507 215 533 cum
247 495 331 533 aliis
360 495 587 533 auctoribus
625 508 645 533 e
677 496 835 545 Didymi
875 498 1101 546 diligentiae
1139 502 1176 535 et
1208 498 1409 536 doetrinae
1446 499 1526 535 the-

47 563 173 601 sauris
204 574 275 601 sua
306 562 576 601 haurientibus
607 563 756 601 scholia
787 578 1001 614 compares.
1065 566 1178 612 Quod
1210 567 1437 615 priusquam
1472 567 1525 603 in-

45 631 263 679 stituamus,
303 642 464 668 necesse
497 634 555 668 est
594 644 640 668 ea
676 633 827 677 afferre,
868 633 1009 681 quibus
1047 634 1270 670 nominatim
1310 633 1527 671 exhibetur.

45 698 146 736 Sunt
167 697 276 736 haec.
317 695 353 746 1)
382 698 540 736 schol.I
569 699 640 736 Av.
666 702 714 737 13
745 700 767 736 l.
789 703 840 738 45
854 700 992 744 —505)
1025 700 1114 749 (frg.
1139 704 1186 738 15)
1216 700 1431 749 Schmidt),
1462 701 1525 738 ubi

47 778 134 804 cum
172 768 278 803 recte
316 765 487 814 explicet
523 766 622 803 alter
657 767 935 815 grammaticus
970 759 1071 804 α’ντὶ
1108 766 1189 804 τοῦ
1226 759 1526 817 ὄρνεα-Πυλῶν

45 832 110 880 (cf.
131 832 256 871 Kock.
283 832 331 870 ad
360 833 393 870 h.
417 828 482 883 v.)‚
511 833 714 883 Didymus7
747 835 842 872 urbe
866 834 1006 873 OrneiS
1029 835 1123 873 falso
1146 848 1217 884 pro
1242 836 1438 873 Laconica
1462 836 1526 873 ha-

44 901 136 950 bita,
167 900 274 939 dicit:
313 913 399 939 cum
432 904 619 950 quattuor
650 905 742 940 ante
774 903 887 940 annis
918 903 1180 941 Athenienses
1211 903 1259 940 ad
1289 904 1524 941 Mantineam

45 981 203 1018 gravem
227 968 377 1007 cladem
400 970 625 1018 acceperint
652 973 690 1007 et
712 971 910 1008 Laconica
932 971 1024 1008 urbs
1053 970 1206 1009 Orneac
1229 972 1317 1020 sint,
1344 971 1417 1008 hoc
1440 971 1525 1009 loco

45 1035 259 1086 Euelpides
291 1036 472 1085 ambigue
505 1037 596 1075 dicit
629 1049 670 1075 se
703 1037 846 1075 malum
879 1050 1106 1086 perpessum
1139 1050 1222 1075 esse
1254 1032 1301 1073 ἐκ
1332 1035 1424 1075 τῶν
1455 1028 1525 1086 ὀρ-

46 1102 172 1154 ιέὦν,
208 1104 315 1154 quod
352 1104 602 1143 artificiosius
639 1117 725 1143 esse
762 1105 954 1144 intellexit
990 1105 1253 1151 Clausenus.‘³)
1318 1106 1440 1144 Simul
1478 1118 1525 1144 ex

45 1172 120 1211 hoc
142 1172 290 1211 scholio
323 1173 583 1211 concluserim
616 1186 699 1211 eam
730 1185 809 1211 rem
844 1174 891 1211 ab
913 1174 1218 1211 Atheniensibus
1249 1173 1353 1223 apud
1375 1174 1526 1212 Orneas

45 1239 149 1278 haud
182 1241 388 1289 praeclare
419 1243 584 1291 gestam,
621 1253 722 1290 quae
754 1254 775 1278 a
807 1241 1041 1290 Thucydide
1078 1244 1260 1279 narratur
1289 1243 1409 1286 V1,7‚
1448 1254 1524 1279 non

44 1308 239 1357 cognitam
271 1307 392 1346 fuisse
423 1307 606 1358 Didymo,
639 1312 681 1346 ut
711 1309 833 1347 schol,
856 1310 926 1347 Av.
951 1312 1042 1355 399,
1074 1309 1137 1347 ubi
1170 1313 1207 1347 et
1229 1309 1275 1347 de
1298 1309 1370 1346 hac
1391 1321 1525 1358 pugna

43 1387 172 1414 sermo
210 1375 252 1413 fit
293 1379 331 1414 et
362 1376 562 1425 Argolidis
603 1377 736 1415 urbem
775 1389 861 1415 esse
903 1377 1053 1416 Orneas
1092 1380 1229 1422 exstat,
1269 1376 1317 1413 ad
1357 1376 1523 1414 eundem

43 1455 122 1481 non
153 1442 293 1481 referri
325 1446 432 1482 certo
464 1443 630 1481 audeam
663 1443 905 1482 confirmare.
935 1464 986 1468 -—
1020 1443 1059 1488 2)
1092 1443 1249 1492 Didymi
1272 1455 1410 1481 nomen
1433 1442 1523 1491 legi-

43 1514 108 1549 tur
144 1511 182 1548 in
214 1511 336 1549 schol.
364 1511 458 1560 Lys.
486 1514 565 1550 313
598 1511 686 1560 (frg.
715 1510 784 1557 56)
817 1512 837 1548 l.
868 1514 936 1549 52:
974 1507 1161 1560 Δίδυμος
1197 1507 1265 1547 καὶ
1306 1503 1525 1559 Κράτερός

43 1585 148 1627 φασι
177 1576 320 1616 ταῦτα
351 1573 625 1616 αἰνίττεσθαι
663 1575 721 1624 εἰς
757 1572 989 1628 Φρύνιχον,
1028 1591 1128 1628 quae
1161 1579 1283 1616 verba
1319 1590 1402 1615 eam
1436 1590 1524 1615 con-

42 1648 276 1686 troversiam
308 1651 546 1697 genuerunt,
583 1650 626 1685 ut
656 1647 877 1686 Meinekius
910 1651 947 1685 et
978 1644 1190 1692 Cobetus7)
1228 1649 1413 1695 putarent
1448 1646 1522 1682 iam

43 1716 167 1765 ipsum
200 1715 418 1765 Craterum,
455 1727 541 1753 cum
574 1714 623 1753 de
656 1716 729 1753 hoc
760 1715 1023 1765 psephismate
1055 1716 1200 1762 ageret,
1238 1714 1372 1751 comici
1404 1713 1524 1750 verba

41 1783 222 1822 attulisse
268 1786 306 1821 et
351 1786 456 1821 recte
500 1783 549 1821 ad
591 1783 859 1832 Phrynichum
905 1782 1113 1831 rettulisse,
1157 1793 1243 1818 cum
1290 1778 1522 1823 Krechius7)

43 1851 165 1890 verba
192 1847 381 1901 Δίδυμος
402 1847 475 1888 καὶ
497 1842 721 1901 Κράτερος
752 1849 844 1887 κτλ.
878 1851 1133 1899 neglegenter
1165 1849 1267 1886 dicta
1298 1859 1384 1886 esse
1415 1851 1523 1885 ratus

43 1920 92 1958 sit
123 1932 194 1970 pro
231 1920 458 1969 „Didymus,
491 1923 532 1958 ut
552 1920 679 1958 locum
702 1919 807 1956 illum
831 1919 1159 1968 Aristophaneum
1181 1916 1230 1954 ad
1252 1916 1521 1964 Phrynichum

41 1989 240 2038 pertinere
268 1988 466 2038 probaret,
497 1988 724 2037 psephisma
754 1987 792 2024 iu
817 1999 902 2024 eum
926 1985 1069 2024 factum
1104 1997 1123 2022 e
1147 1984 1296 2022 Crateri
1318 1995 1523 2032 synagoga

41 2056 211 2106 attulit“‚
241 2069 356 2106 quem
389 2056 516 2106 ipsum
549 2056 623 2094 loci
646 2054 925 2105 Aristophanei
959 2054 1192 2091 mentionem
1226 2052 1362 2090 fecisse
1395 2054 1523 2100 negat.

41 2127 91 2164 Et
120 2127 287 2175 primum
311 2124 469 2175 quidem
502 2125 564 2163 hic
588 2123 773 2173 loquendi
799 2135 889 2161 usus
920 2118 1140 2171 (Δίδυμος)
1167 2116 1240 2158 καὶ
1267 2112 1522 2169 (Ιῐράτὲρος)

154 2246 183 2289 ⁵)
216 2244 306 2279 Utor
331 2244 519 2279 Duebueri
545 2244 703 2279 editione
732 2246 815 2277 1542
841 2242 990 2276 Parisiis
1015 2242 1049 2275 in
1070 2242 1186 2275 lucem
1206 2240 1314 2281 edita,
1339 2238 1525 2288 adhibitis,

42 2303 72 2336 si
103 2301 308 2336 necessitas
341 2301 562 2345 postulavit,
597 2300 702 2334 novis
736 2298 1006 2333 collationibus:
1039 2297 1085 2331 cf.
1112 2297 1255 2339 Mai-tin,
1288 2299 1359 2330 Les
1391 2296 1521 2330 scolies

41 2355 333 2401 d'Aristophane
351 2357 401 2390 du
417 2356 644 2400 manuscript
661 2356 706 2390 de
722 2356 905 2396 Ravenne,
924 2353 1176 2397 bibliotheque
1194 2353 1259 2387 des
1278 2353 1395 2387 ecoles
1413 2350 1523 2395 franc.

41 2413 186 2447 XXVII
212 2413 309 2456 (cod.
327 2413 395 2457 RJ3
424 2412 650 2456 Hostzinger,
670 2411 787 2445 Wien.
807 2410 958 2452 Stud.N
984 2421 1017 2453 p.
1038 2413 1100 2443 205
1117 2420 1193 2452 sqq.
1221 2409 1314 2452 (cod.
1333 2407 1364 2440 V
1382 2408 1521 2451 Pacis);

41 2461 300 2514 Augsberger',
324 2470 449 2512 Progr.
467 2469 597 2513 Gymn.
615 2467 791 2502 Ludovic.
818 2466 956 2500 Monac.
980 2469 1061 2500 1556
1086 2465 1182 2508 (cod.
1197 2464 1229 2498 V
1248 2465 1367 2507 Rau).

154 2528 184 2568 ὓ)
217 2525 271 2561 Cf.
301 2525 355 2560 De
386 2524 535 2560 scholiis
558 2524 744 2560 veteribus
773 2525 808 2558 in
838 2522 944 2557 Aves
968 2522 1082 2556 Arist.
1112 2532 1272 2565 compos.
1312 2522 1394 2556 Kiel
1428 2525 1520 2564 1581,

41 2592 125 2627 pag.
144 2585 197 2616 23.

156 2641 182 2679 ⁷)
208 2636 274 2672 Ille
306 2637 341 2671 in
368 2637 556 2681 Epimetro
581 2637 596 2670 l
622 2637 667 2670 ad
693 2635 817 2679 Steph.
842 2635 930 2680 Byr„
956 2644 1038 2678 pag.
1059 2638 1109 2677 79,
1143 2634 1201 2668 ubi
1237 2644 1316 2668 cum
1342 2633 1430 2667 nihil
1461 2634 1521 2667 ad-

40 2693 225 2729 notaverit
253 2693 299 2727 ad
324 2693 456 2728 scholii
482 2693 604 2736 verba,
636 2697 725 2736 puto
759 2702 840 2726 eum
875 2691 921 2725 ad
945 2691 1098 2725 verbum
1130 2691 1407 2733 interpretatum
1438 2700 1520 2725 esse

42 2760 135 2793 quae
162 2751 355 2794 leguntur3
380 2749 436 2783 hic
462 2750 496 2783 in
523 2750 694 2784 Mnemos.
720 2748 760 2782 N.
781 2749 848 2782 §.1
874 2757 955 2791 pag.
979 2750 1050 2780 125.

153 2810 181 2845 ⁵³)
217 2805 271 2840 Cf.
298 2807 343 2841 de
369 2806 508 2841 Crateri
536 2803 793 2851 ψηψσλιιάτωι·
819 2807 1031 2849 στι-αγιυγῇ,
1058 2804 1173 2839 Berol.
1199 2807 1279 2837 Ιδδδ
1306 2812 1387 2847 pag.
1407 2805 1459 2836 22.
