1815 3231
1466 187 1538 220 10¹3

69 309 145 335 rec.
172 296 384 334 Eduardus
415 296 644 343 Schwartz).
696 298 752 336 Cf.
785 300 923 337 Eusch.
957 314 1086 350 praep.
1115 316 1172 339 ev.
1206 303 1238 339 X
1260 317 1291 340 c.
1313 307 1373 351 ll),
1405 317 1438 352 p.
1461 309 1540 342 fn«)

69 362 217 410 Dind.¹)

180 431 312 470 Schol.
333 432 457 479 HEQ
488 432 536 469 ad
569 432 638 471 Od.
664 429 688 469 ῥ’
710 436 806 472 366:
839 423 861 468 ὁ
886 430 927 470 δὲ
951 428 1195 484 Ζηνόδοτος
1224 430 1375 486 ypaefrqst
1406 429 1535 487 Ιιόῗρν-

67 491 179 550 νόμη
211 498 299 548 (pro
326 494 587 549 Εἰὸοθέη).ἳ)

180 567 308 606 Schol.
329 568 364 605 T
395 567 444 605 ad
477 568 521 605 ll.
547 579 579 604 π
606 570 699 606 175:
741 562 989 618 Ζηνόδοτος
1026 566 1068 605 (δὲ,
1111 563 1374 622 Ιι’λιοὸώ(ιιμ·
1412 570 1541 622 ‹fiscii›

68 634 191 682 (Pelei
232 633 383 685 filiam),
413 627 620 673 ‘Iloto'd'ov
662 632 730 672 καὶ
774 634 863 673 τῶι·
903 627 1048 674 ἄλλων
1092 632 1362 689 ΙΙωλνόώρην
1402 632 1540 689 ιιιῖτήι*

67 695 380 749 καλούντων.3)

181 769 309 809 Cardo
341 774 471 810 autem
505 772 560 809 rei
597 772 635 809 in
668 784 713 810 eo
746 772 922 817 vertitur,
960 773 1064 822 quod
1095 773 1140 810 iis
1172 773 1275 821 locis,
1311 787 1409 822 quos
1442 775 1539 812 salso

68 838 144 877 huc
175 838 312 877 referri
354 839 444 885 dixi,
481 839 668 878 Zenodoti
702 840 860 889 Ephesii
899 842 1079 878 memoria
1116 842 1315 890 repetitur,
1353 855 1437 879 cum
1471 856 1540 880 nos

68 906 223 957 quidem
255 907 372 945 alium
395 908 690 957 grammaticum
719 908 892 946 eiusdem
917 909 1079 946 nominis
1109 911 1403 947 commentarios
1426 911 1539 947 histo-

67 976 171 1014 ricos
202 977 467 1025 composuisse
500 975 727 1025 putemus.‘¹)
787 977 884 1014 Nam
919 980 959 1014 ut
990 990 1066 1014 non
1099 977 1272 1015 dicamus
1304 978 1350 1015 de
1382 978 1539 1015 scholiis

66 1042 117 1081 ad
148 1042 221 1082 Od.
249 1039 275 1080 δ
301 1046 381 1083 366
414 1046 452 1082 et
482 1043 531 1081 ad
564 1044 606 1081 ll.
634 1055 666 1080 π
692 1042 822 1090 1755),
860 1044 923 1081 ubi
959 1044 1196 1082 recensionis
1233 1048 1361 1082 textus
1400 1045 1538 1083 mentio

67 1110 120 1160 fit,
155 1111 260 1161 apud
292 1110 418 1150 Strab.
444 1111 519 1149 XII
550 1124 586 1161 p.
615 1114 694 1150 543
735 1123 835 1161 quae
871 1114 1028 1160 praeter
1059 1111 1177 1149 verba
1214 1105 1459 1161 Zrswidozo:
1495 1108 1537 1147 όὲ

68 1173 113 1227 ἐξ
149 1169 319 1229 Ἐνετῆς
361 1171 558 1229 γράφειὸ)
596 1182 752 1217 exstant
796 1175 869 1215 καί
909 1186 1008 1228 φησι
1052 1175 1295 1229 δηλοῦσθαι
1339 1172 1420 1228 τὴν
1460 1177 1541 1215 νῦν

22 1235 28 1242 *
68 1235 253 1296 Ἀμισόν,
290 1247 375 1285 iure
412 1247 646 1296 Pluygersio
683 1246 946 1295 suspicionem
985 1249 1197 1291 moverunt,
1237 1259 1326 1283 num
1365 1250 1467 1284 recte
1499 1259 1539 1283 sc

67 1314 252 1353 habeant.
310 1313 350 1353 Si
371 1315 472 1353 enim
495 1314 663 1363 confers,
695 1327 797 1364 quae
829 1314 984 1352 exhibet
1014 1313 1151 1352 Strabo
1179 1314 1250 1350 XII
1282 1326 1317 1362 p.
1340 1316 1435 1351 5525:
1467 1304 1539 1348 ‹0³-

67 1374 143 1426 τὸς
175 1376 220 1419 δὲ
252 1372 274 1419 ὁ
303 1372 642 1432 Ἀπολλόδωρος
679 1378 950 1432 παρατίθησι
988 1374 1039 1418 τὸ
1069 1378 1150 1417 τοῦ
1182 1374 1431 1430 Ζηυυὸότου
1471 1372 1537 1416 ὅτι

68 1441 225 1499 γράφει
255 1443 330 1498 ,ἐξ
359 1438 523 1500 Ἐνετῆς
554 1440 665 1486 ὅθεν
696 1438 890 1499 ἡμιόνων
920 1445 1044 1498 γένος
1075 1440 1394 1498 ἀγροτεράωνῆ
1441 1441 1540 1484 ταύ-

67 1528 151 1569 την
183 1513 231 1555 δέ
257 1524 392 1569 φησιν
419 1507 648 1555 Ἑκαταῖον
680 1511 758 1555 τὸν
784 1511 999 1568 Μιλήσιον
1031 1513 1226 1567 δέχεσθαι
1258 1509 1337 1566 τὴν
1360 1506 1539 1565 Ἀμισόν,

69 1585 390 1624 verisimillimum
415 1598 499 1624 esse
521 1586 675 1624 videtur
706 1586 935 1634 scriptorem
964 1585 1206 1633 neglegentia
1227 1583 1392 1633 quadam
1421 1584 1538 1620 Zeno-

73 1653 166 1692 doto
196 1654 369 1704 Ephesio
406 1654 583 1692 lectionis
614 1648 658 1702 ἐξ
688 1642 850 1704 Ἐιέτῆς
888 1655 975 1691 testi
1012 1653 1307 1702 explicationem
1339 1651 1386 1688 ab
1419 1651 1538 1688 Heca-

69 1727 157 1761 taeo
181 1722 398 1773 profectam
422 1723 689 1773 adscripsisse.
739 1724 920 1772 Denique
941 1721 1048 1771 apud
1070 1721 1275 1759 Tati-anum
1298 1723 1335 1757 et
1357 1721 1538 1758 Tzetzem

69 1790 313 1829 Zenodotum
359 1791 573 1841 Ephesium
624 1789 928 1839 intellegendum
982 1801 1068 1827 esse
1119 1789 1274 1826 nomina
1323 1786 1537 1825 Aristarchi

68 1858 236 1897 aliorum
267 1859 378 1898 iuxta
409 1859 536 1908 posita
567 1859 673 1897 clare
704 1857 984 1896 demonstrant.

182 1927 259 1966 Sed
292 1927 391 1966 haec
422 1928 624 1965 hactenus.
681 1927 858 1965 Transeo
891 1937 995 1963 nunc
1032 1924 1081 1962 ad
1113 1936 1170 1972 ea,
1206 1935 1307 1973 quae
1338 1923 1386 1961 de
1418 1923 1539 1967 tit-ulo,

187 2072 216 2114 1)
244 2071 380 2105 Locum
413 2068 508 2104 infra
540 2068 813 2112 adscripsimus.
860 2066 913 2102 Of.
939 2066 1117 2110 Pluygers
1150 2076 1182 2108 p.
1206 2069 1254 2108 12,
1294 2065 1355 2108 qui
1385 2064 1542 2098 coniecit

72 2128 128 2168 „in
145 2127 292 2162 eosdem
309 2127 422 2162 libros
448 2136 496 2161 sc.
517 2123 691 2171 ἱστορικὰ
710 2119 958 2168 ὺπομνήματα
983 2133 1003 2156 a
1020 2122 1206 2156 Zenodoto
1231 2131 1322 2165 quae
1347 2121 1390 2155 de
1408 2130 1540 2164 genere

69 2184 218 2220 Homeri
251 2184 371 2228 deque
397 2187 558 2227 tempore
591 2192 662 2226 quo
688 2182 819 2216 vixerit
850 2180 895 2214 ab
921 2179 1001 2213 aliis
1034 2178 1167 2213 tradita
1199 2178 1396 2212 invenisset
1430 2177 1541 2211 relata

69 2240 216 2276 fuisse.“

182 2299 212 2342 2)
244 2297 300 2333 Cf.
325 2297 503 2341 Ribbeck,
528 2296 655 2332 Philol.
672 2296 724 2329 IX
748 2306 782 2339 p.
802 2298 840 2328 73
867 2293 948 2327 adn.
969 2296 1017 2328 13.

183 2356 212 2398 3)
243 2353 298 2390 Cf.
323 2355 510 2388 Duentzer
534 2353 556 2388 l.
575 2363 602 2388 c.
629 2364 662 2397 p.
682 2355 739 2395 283
772 2349 940 2385 Ribbeck
966 2349 985 2383 l.
1005 2359 1034 2383 c.

185 2413 213 2456 4)
247 2411 301 2446 Cf.
328 2420 421 2455 quae
445 2409 540 2445 infra
565 2410 735 2444 dicemus.

184 2471 214 2511 ⁵)
246 2467 301 2504 Cf.
327 2468 480 2502 Roemer
506 2467 567 2501 l.1.
593 2477 627 2510 p.
647 2468 720 2499 720.
762 2464 801 2498 ln
820 2463 950 2498 vocula
969 2460 1071 2507 φησί,
1097 2470 1188 2505 quae
1213 2461 1321 2504 paulo
1347 2460 1538 2503 neglegen-

71 2525 146 2560 tius
179 2536 246 2569 pro
270 2521 411 2570 γράφει
446 2523 567 2568 posita
591 2526 658 2562 est,
692 2531 764 2555 non
794 2519 976 2561 offendes3
1012 2518 1235 2552 Zenodotum
1261 2516 1457 2561 Ephesium
1490 2515 1539 2549 in-

71 2581 320 2625 tellegendum
345 2590 427 2615 esse
452 2579 633 2614 concedes
659 2577 801 2612 collatis
826 2575 972 2610 scholiis
997 2575 1042 2609 ad
1067 2574 1131 2609 Od.
1156 2576 1176 2605 δ·
1192 2576 1265 2614 366,
1292 2573 1330 2606 Il.
1356 2576 1380 2605 θ
1399 2575 1473 2613 312,
1499 2571 1539 2605 11.

72 2649 98 2672 π
116 2640 191 2681 223,
221 2637 286 2673 ubi
311 2636 524 2681 perhibetur
553 2645 633 2670 eum
658 2633 850 2677 scripsisse
879 2642 944 2675 pro
970 2627 1132 2674 Εἰδοθέη
1160 2625 1368 2674 Εὐρυνόμη,
1401 2622 1537 2671 Ἐρασι-

72 2691 264 2737 πτόλεμον
296 2703 362 2737 pro
404 2688 700 2737 Ἀρχεπτόλεμον,
743 2689 939 2732 Φηγωιάῖε
976 2698 1042 2732 pro
1075 2688 1282 2720 Δωδωναῖε.
1330 2684 1383 2720 Cf.
1418 2683 1536 2718 Fried-

74 2751 234 2795 laender,
257 2749 410 2784 Jahrbb.
428 2749 451 2783 f.
469 2748 560 2783 Phil.
578 2746 695 2782 LXXI
722 2757 755 2789 p.
775 2748 847 2779 544.

186 2807 215 2850 6)
249 2805 302 2841 Cf.
330 2805 442 2840 schol.
461 2803 496 2838 A
521 2804 567 2838 ad
592 2803 632 2837 Il.
650 2805 675 2847 ρ’
692 2804 766 2836 552.
