1830 3201
297 187 375 222 150

291 286 379 332 ἀπὸ
410 294 489 332 τοῦ
520 292 775 347 ,,,Πηλεί’όέο)
806 287 1020 346 Άχιλῆοςι(
1052 291 1131 342 ἕως
1166 296 1249 334 τοῦ
1280 294 1535 348 ,,λισσομένη
1566 296 1767 347 τιμῆσαί(

291 352 388 399 οὐδ’
416 354 532 407 ὅλως
569 356 806 413 ἔγραψεν.1)
861 365 896 402 Τ
933 359 1098 401 ἐοίκασι
1137 358 1217 414 γὰρ
1258 354 1524 414 Ειῗριπιὸείῳ
1559 358 1767 415 προλόγῳ

290 442 441 467 ταυτα.

402 501 439 535 4.
482 499 590 535 Eust.
619 501 711 547 957,
742 501 808 538 10:
850 489 1007 535 Ἰστέον
1046 494 1091 535 δὲ
1132 489 1198 536 ὅτι.
1230 494 1277 536 ἐν
1308 497 1370 549 τῷ
1400 490 1548 549 »ἄλλῳ
1577 495 1655 549 μὲν
1686 491 1767 550 γὰρ

291 558 426 600 Ξ-’ὸωκε
461 555 565 608 θεὸς
596 558 813 615 πολεμήϊα
842 558 972 614 ἔργαίῑ
1003 559 1279 615 προσγράφει
1300 558 1413 602 κατὰ
1433 559 1535 610 τοὺς
1556 559 1769 610 παλαιοὺς

291 620 314 667 ὁ
347 625 594 683 [Μαλλώτης
625 626 879 683 Ζηνόδοτος
918 629 986 669 καὶ
1022 630 1187 670 τοῦτον
1225 626 1305 670 τὸν
1340 630 1507 683 στίχον·
1550 625 1701 683 „biucy
1732 625 1769 670 δ’

291 690 524 750 ὀρχηστύν,
566 694 701 750 ἑτέρῳ
743 697 925 750 κίθαριν
966 697 1035 737 καὶ
1081 690 1277 750 (ἷοιὸήνίί
1316 722 1370 726 —
1408 701 1463 740 Cf.
1499 702 1621 739 schol.
1650 702 1684 739 T
1721 702 1769 739 ad

292 768 332 804 ll.
363 778 389 803 ν
418 770 515 806 73οε
553 761 803 818 Ζηνόδοτος
838 764 880 804 δὲ
915 757 937 804 ὁ
971 761 1264 819 ΆῙαλλώτηςῖ)
1297 765 1592 820 προστίθησιν
1623 761 1771 819 „dmg”

292 824 329 868 δ’
350 826 580 886 ὀρχηστύν,
611 828 745 885 ἑτέρῳ
777 832 958 885 κίθαριν
991 832 1063 872 καὶ
1096 827 1292 886 ἀοιδήνῑί.

404 906 440 941 5.
488 903 669 941 Adnexui
704 904 822 941 schol.
845 904 877 940 A
911 903 959 941 ad
991 904 1032 941 Il.
1064 911 1094 952 ψ
1125 906 1186 949 79,
1225 904 1286 941 ubi
1321 905 1552 953 perhibetur
1582 904 1770 943 Zenodoti

292 971 459 1009 Cratetei
492 982 651 1009 nomen:
700 961 821 1020 λάχε·
856 961 965 1007 ὅθεν
993 967 1069 1021 μία
1100 969 1194 1008 τῶν
1215 970 1399 1020 Μοιρῶν
1430 964 1622 1022 Λάχεσις.
1663 983 1771 1022 παρ-

290 1034 436 1088 είληφε
471 1033 517 1074 δὲ
549 1028 614 1074 ὅτι
648 1036 699 1086 τῇ
721 1033 884 1087 γενέσει
916 1031 1274 1075 συνδιατάσσεται
1307 1035 1380 1075 καὶ
1412 1030 1434 1075 ὁ
1457 1037 1660 1090 τελευτῆς
1680 1051 1772 1076 και-

292 1099 378 1155 ρός.
427 1095 536 1142 ὅθεν
569 1098 817 1156 Ζηνόδοτος
855 1094 878 1141 ὁ
912 1099 1180 1156 Κρατήτειος
1215 1102 1442 1143 Χαλδαῖοι)
1479 1099 1558 1143 τὸν
1583 1098 1772 1158 Ὅμηρόν

293 1181 434 1224 φησιν.

404 1242 536 1291 Atque
573 1242 738 1290 primum
781 1241 1025 1280 Zenodotum
1072 1254 1094 1279 a
1132 1242 1260 1291 patria
1298 1242 1416 1280 Mallo
1456 1241 1771 1291 cognominatum

293 1310 461 1348 Cratetis
494 1309 612 1347 fuisse
643 1311 875 1347 sectatorem
908 1310 1037 1347 elucet
1068 1321 1115 1347 ex
1144 1310 1265 1347 schol.
1288 1310 1321 1347 T
1348 1309 1398 1347 ad
1420 1309 1462 1347 ll.
1484 1320 1506 1346 ο
1531 1312 1622 1349 262.
1671 1310 1772 1348 Nam

292 1390 378 1415 cum
402 1376 694 1423 Aristarchusss)
728 1369 928 1426 Παιήονα
959 1377 1120 1415 deorum
1153 1377 1343 1415 medicum
1377 1377 1574 1415 diversum
1607 1389 1692 1415 esse
1724 1377 1771 1415 ab

292 1442 519 1494 Apolline4)
561 1445 844 1494 observaverit,
884 1445 1021 1483 Grates
1059 1447 1187 1483 autem
1230 1448 1440 1494 utrumque
1482 1445 1649 1483 eundem
1689 1457 1772 1484 esse

292 1511 534 1561 statuerit-5),
584 1512 807 1550 Zenodotus
853 1511 1053 1558 Mallotass)
1106 1513 1274 1551 Cratetis
1322 1516 1454 1562 partes
1504 1515 1661 1551 secutus
1706 1516 1774 1551 est.

293 1581 473 1619 Ceterum
505 1579 747 1618 Zenodotum
772 1580 982 1628 Mallotam,
1015 1593 1100 1618 cum
1133 1582 1289 1619 Paeana
1321 1580 1483 1619 deorum
1513 1581 1704 1619 medicum
1737 1584 1775 1620 et

293 1648 517 1697 Apollinem
548 1647 713 1685 eundem
738 1659 822 1685 esse
854 1647 1043 1695 docuerit,
1075 1648 1179 1697 quod
1211 1648 1274 1685 hic
1307 1648 1446 1686 medici
1468 1648 1553 1686 vice
1586 1648 1772 1697 quodam-

294 1715 408 1753 modo
449 1715 620 1764 fungens
661 1715 872 1753 Hectorem
914 1715 1043 1764 lapide
1084 1716 1200 1753 ictum
1242 1715 1486 1765 redintegret
1527 1719 1565 1754 et
1602 1716 1772 1765 suscitet,

294 1794 447 1821 errasse
479 1783 571 1820 satis
601 1781 807 1832 apparet7)
841 1782 993 1820 collatis
1025 1782 1065 1819 11.
1093 1793 1112 1818 ε
1144 1783 1323 1820 versibus
1351 1785 1442 1821 401.
1477 1785 1567 1822 900.

406 1851 695 1888 Perlustremus
716 1862 821 1888 nunc
848 1851 1038 1899 scholion,
1069 1850 1172 1899 quod
1204 1850 1329 1888 fertur
1360 1850 1431 1888 sub
1459 1850 1637 1888 lemmate
1658 1842 1775 1899 λάχει

295 1921 354 1957 est
381 1919 482 1956 enim
513 1918 767 1967 aptissimum,
798 1930 845 1956 ex
868 1930 946 1967 quo
968 1920 1228 1966 cognoscatur
1258 1917 1446 1956 Zenodoti
1468 1917 1637 1956 Gratetei
1659 1917 1772 1966 ratio,

296 1988 338 2024 ut
375 1986 475 2023 bene
514 1985 648 2023 docuit
686 1983 1055 2031 Schneidewinusss)
1122 1985 1306 2034 Legimus
1347 1985 1385 2022 in
1422 1984 1579 2023 scholiis
1612 1985 1684 2022 BL
1725 1984 1774 2022 ad

296 2054 338 2090 Il.
370 2065 396 2089 α
423 2055 519 2092 591:
562 2045 732 2103 Κράτης
773 2048 817 2089 δὲ
856 2050 1088 2102 περισπῶν
1128 2049 1251 2099 (vocis
1281 2050 1432 2103 βηλος)
1473 2045 1556 2102 τὴν
1591 2045 1775 2102 πρώτην

296 2111 521 2171 συλλαβὴν
555 2113 813 2169 Χαλὸαϊκὴν
850 2112 961 2156 εἶναι
997 2113 1079 2169 τὴν
1116 2115 1233 2167 λέξιν
1273 2109 1562 2167 ἄποδίδωσιν;
1602 2118 1705 2168 quod
1745 2119 1775 2156 si

412 2241 437 2279 ¹)
468 2239 581 2273 Paulo
606 2238 712 2272 aliter
736 2237 848 2272 verba
872 2238 1045 2281 leguntur
1069 2238 1104 2271 in
1131 2237 1271 2271 Townl.

408 2295 438 2337 2)
471 2294 530 2328 Sic
561 2293 712 2337 scripsit
745 2293 873 2338 Heyne
906 2293 928 2327 l.
952 2303 982 2327 c.
1000 2292 1052 2326 VI
1082 2304 1116 2336 p.
1135 2296 1200 2328 498
1232 2303 1297 2336 pro
1326 2292 1483 2341 lectione
1514 2292 1648 2327 tradita
1684 2286 1775 2335 ὁμα-

297 2352 370 2391 λῶς
399 2348 466 2391 τίς,
500 2359 606 2393 quam
640 2349 884 2384 coniecturam
917 2348 1123 2384 facillimam
1156 2352 1194 2383 et
1223 2343 1533 2392 elegantissimam
1566 2358 1670 2382 nemo
1701 2357 1775 2381 non

297 2405 561 2450 comprobabit.

409 2463 438 2502 3)
470 2461 524 2496 cf.
550 2461 666 2495 Lehrs
691 2460 713 2494 1.
731 2471 759 2495 e.
785 2472 820 2505 p.
841 2463 912 2495 177.

409 2519 438 2560 4)
472 2515 527 2552 Cf.
554 2517 666 2551 schol.
685 2516 719 2551 A
743 2516 790 2550 ad
815 2516 855 2550 Il.
874 2528 891 2550 ε
910 2519 986 2550 899.

409 2574 439 2616 5)
472 2572 526 2607 Cf.
552 2572 663 2606 schol.
683 2571 718 2605 A
744 2572 789 2606 ad
814 2572 854 2606 Il.
873 2584 892 2605 o
912 2575 986 2606 363.

410 2630 439 2671 6)
473 2626 527 2663 Cf.
553 2626 819 2669 Schneidewin,
846 2626 1025 2662 Philol.11
1052 2638 1085 2670 p.
1107 2629 1189 2669 7643
1215 2625 1452 2660 Wachsmuth
1478 2627 1498 2661 l.
1518 2627 1540 2660 l.
1565 2637 1600 2671 p.
1620 2630 1672 2661 28.

411 2684 439 2728 τ)
471 2681 526 2718 Cf.
552 2682 592 2717 Ο.
611 2681 784 2725 Carnum,
810 2681 1016 2716 Aristonici
1041 2680 1127 2726 περὶ
1155 2679 1320 2725 σημείων
1345 2676 1552 2722 Ὀδυσσείας
1577 2682 1639 2717 rel.
1657 2691 1774 2716 emen-

299 2740 383 2783 dat„
409 2750 445 2783 p.
462 2742 516 2774 44.
762 2741 766 2746 ’

411 2797 445 2838 ⁸)
474 2794 495 2830 l.
515 2804 545 2829 c.
570 2805 605 2840 p.
624 2796 708 2838 7643
734 2792 780 2828 cf.
798 2793 1036 2828 Wachsmuth
1063 2794 1084 2828 l.
1103 2803 1133 2828 c.
