1815 3231
1450 197 1490 205 Γ,-

1456 207 1497 230 (ι)

29 287 66 334 δ’
88 291 263 335 ἵπποισι
286 286 403 346 τάθη
427 289 590 347 δρόμος
622 294 685 343 (cf.
708 310 741 335 ν.
759 297 855 344 375)
889 302 1005 348 atque
1036 305 1145 336 roim
1175 292 1212 335 (δ’
1234 292 1318 338 ἀπὸ
1343 296 1499 352 νύσσῃ.-

26 360 184 402 τέτατο
218 357 378 414 δρόμος
410 363 473 410 (ef.
505 377 540 402 v.
564 364 675 411 758),
722 377 768 402 cx
811 366 952 414 quibus
984 379 1104 416 equos
1145 371 1194 410 (v.
1218 373 1313 416 2575»
1345 374 1383 407 ct
1415 384 1497 408 cur—

27 445 136 472 sores
167 432 219 479 (v.
243 431 338 478 758)
371 433 443 470 iam
477 436 683 471 currentes
714 445 799 470 esse
831 434 958 483 colligi
983 448 1139 474 neeesse
1163 441 1229 474 est.
1292 439 1383 475 l'ost
1405 439 1499 476 llaec

27 501 302 540 antecedentia
342 501 432 550 quis
463 503 522 538 est
554 501 620 550 qui
652 501 835 549 opinetur
866 504 1016 550 poetam
1051 503 1097 541 de
1129 506 1307 542 exeundo
1340 519 1385 543 ex
1419 519 1498 544 car-

27 569 181 608 ceribus
223 568 359 618 loqui‘?
428 569 591 607 Rectum
630 569 760 618 potius
802 569 984 608 viderunt
1013 571 1305 610 Autem-inthius
1337 578 1373 610 ct
1407 574 1499 611 Ebe-

28 637 185 687 lingius,
229 637 297 686 qui
327 636 451 675 tribus
482 637 559 674 illis
590 637 684 675 loeis
716 637 912 675 notionem
949 651 1065 688 „prae
1097 641 1235 677 ceteris
1267 654 1393 689 curro,
1425 642 1499 690 pri-

27 717 112 743 mus
153 717 238 743 sum
280 703 422 743 cursu“
468 704 659 743 tribuunt.
725 704 930 743 Difficilius
962 718 1053 744 vero
1086 710 1144 745 est
1175 707 1289 753 dictu,
1332 721 1408 757 qua
1440 710 1499 745 via

27 776 66 811 et
105 784 271 822 quarum
315 772 597 822 cogitationum
639 785 712 822 ope
753 767 923 823 ἐκφέρω
954 774 1057 811 illam
1089 776 1282 824 acceperit
1312 776 1500 824 signitica-

25 840 183 880 tionem.
252 840 348 878 Mihi
388 840 543 890 quidem
587 841 749 879 verbum
790 841 1074 879 intransitivum
1117 842 1273 880 videtur
1314 842 1499 880 denotare

27 921 129 958 eum,
173 908 239 958 qui
270 920 318 946 ex
351 907 500 954 ordine,
547 921 662 958 quem
697 909 786 958 equi
819 909 879 946 vel
912 922 1090 947 cursores
1121 911 1329 948 certamine
1362 923 1500 948 cursus

26 976 240 1026 incipiente
272 975 470 1026 fluebant,
502 976 683 1014 evehitur
714 978 752 1014 et
782 976 935 1014 excedit
966 970 1178 1026 (ἐκφέρει),
1219 978 1239 1014 i.
1271 990 1301 1015 e.
1334 978 1500 1015 celerius

28 1044 222 1084 currendo
255 1045 395 1084 ceteris
426 1047 612 1095 praestat.

139 1122 173 1161 b.
225 1112 506 1174 ὑπεκφέρω
545 1127 605 1162 ter
645 1123 849 1163 transitive
892 1124 929 1162 in
972 1124 1093 1162 Iliade
1137 1125 1340 1174 reperitur,
1385 1125 1499 1161 semel

27 1192 295 1231 tantummodo
333 1192 578 1231 intransitive
618 1192 657 1230 in
701 1191 773 1230 Od.
804 1194 929 1241 γ496
968 1196 1091 1229 τοῖσι·
1131 1183 1211 1242 γὰρ
1250 1182 1502 1241 ὑπέκφερον

27 1244 160 1304 ὦκέες
205 1254 346 1297 ἵπποι.
421 1260 634 1298 Passovius
679 1263 717 1298 et
762 1260 908 1308 Papius
952 1263 1150 1297 vertentes
1200 1272 1298 1304 „von
1345 1259 1499 1296 danneu

28 1326 191 1377 tragen“
233 1328 396 1366 verbum
435 1327 471 1365 h.
503 1327 527 1365 l.
563 1328 809 1366 transitivum
849 1327 1092 1377 intellegunt.
1158 1327 1324 1365 Verbum
1364 1327 1500 1364 transi—

29 1395 151 1434 tivum
179 1395 356 1444 intellegi
379 1407 495 1445 posse
526 1395 693 1433 libenter
724 1394 975 1434 concedimus
1005 1395 1080 1433 illis
1111 1394 1328 1432 hominibus
1360 1393 1500 1431 doctis:

28 1462 97 1501 sed
128 1463 252 1502 altera
272 1463 556 1512 interpretatio,
587 1476 704 1512 quam
735 1463 892 1512 plurimi
927 1463 1070 1501 habent
1098 1463 1332 1511 interpretes
1362 1462 1500 1499 Home-

28 1531 118 1581 rici,
159 1533 203 1570 ut
237 1530 450 1580 simplicior
491 1530 799 1570 commendatur.
864 1531 1023 1569 Illorum
1064 1531 1163 1568 enim
1201 1530 1428 1567 sententiam
1471 1528 1501 1566 si

27 1599 252 1649 probamus,
283 1611 304 1637 e
335 1599 605 1648 superioribus
647 1599 695 1637 ad
732 1599 893 1637 verbum
935 1599 1128 1637 obIectum
1160 1598 1370 1635 subaudire
1401 1597 1502 1645 eogi-

29 1679 127 1717 mur,
169 1667 208 1705 id
252 1666 359 1717 quod
401 1667 441 1705 in
481 1668 554 1705 hac
593 1666 784 1706 sermonis
822 1667 1114 1705 continuatione
1158 1665 1262 1704 haud
1300 1666 1352 1703 ita
1388 1664 1501 1702 facilc

29 1733 113 1772 fieri
143 1737 284 1784 potest.

143 1802 258 1851 Quod
299 1803 349 1842 ad
390 1804 714 1854 significationem
755 1804 868 1842 buius
904 1803 1011 1842 verbi
1043 1815 1130 1841 cum
1161 1802 1310 1840 duabus
1341 1813 1502 1850 praepo-

30 1871 235 1911 sitionibus
272 1872 484 1911 consociati
527 1874 677 1922 attinet,
727 1885 772 1910 ea
812 1873 1056 1921 subiungam,
1106 1884 1206 1921 quae
1252 1868 1502 1913 Kissnerus')

31 1943 122 1990 apte
159 1940 454 1980 animadvertit:
509 1943 673 1991 „Neque
716 1941 793 1979 ullo
835 1940 911 1978 alio
953 1951 1091 1978 vocum
1134 1941 1361 1988 eoagmcnto
1394 1949 1502 1986 prae-

30 2009 176 2048 clarius
207 2011 333 2059 potuit
363 2010 545 2049 celeritas
576 2010 757 2049 movendi
787 2010 962 2060 exprimi,
993 2021 1108 2058 quam
1132 2020 1225 2045 voce
1256 1996 1505 2055 1‘*rte¹xqf2002·

30 2080 89 2116 est
129 2090 317 2127 expressa
357 2079 427 2129 ita,
477 2081 519 2117 ut
560 2091 716 2117 currum
759 2090 779 2116 e
816 2080 1028 2126 conspectu
1071 2075 1343 2124 subterfugere
1380 2086 1503 2123 paene

32 2146 154 2185 oculis
185 2145 434 2185 cernamus“.

144 2227 290 2274 Restat,
321 2230 365 2267 ut
395 2226 590 2277 disputem
623 2226 670 2265 de
702 2226 747 2275 X,
769 2228 846 2264 202
870 2237 954 2274 sqq.

171 2292 266 2340 πῶς
296 2290 344 2332 δέ
372 2306 450 2332 κεν
471 2285 636 2345 Ἕκτωρ
667 2292 800 2346 κῆρας
834 2283 1099 2342 ὑπεξέφυγεν
1131 2284 1358 2336 θανάτοιο,

173 2356 210 2400 εἰ
239 2352 294 2412 μή
330 2356 372 2400 οἱ
401 2353 609 2413 πύματόν
640 2374 686 2400 τε
717 2358 790 2399 καὶ
824 2348 1010 2398 ὕστατον
1041 2348 1430 2410 7'2'11vev'345z1522021·

176 2423 379 2483 ἐγγύθεν,
410 2422 458 2477 ὃς
490 2425 531 2469 οἱ
562 2426 733 2480 ἐπῶρσε
762 2426 891 2480 μένος
923 2420 1114 2478 λαιψηρά
1144 2438 1188 2464 τε
1218 2424 1366 2476 γοῦνα.

148 2511 235 2560 Quo
258 2511 307 2550 de
329 2512 427 2558 loeo,
455 2511 609 2549 tametsi
634 2510 774 2548 criticis
797 2507 1059 2558 compluribus
1080 2518 1266 2545 summam
1288 2503 1506 2553 ambigendi

35 2592 81 2619 ae
112 2578 359 2630 disceptandi
387 2579 589 2617 materiam
622 2578 771 2623 obtulit,
802 2576 893 2614 nolo
926 2586 1011 2613 esse
1044 2575 1196 2623 longus
1254 2572 1343 2610 Nixi
1376 2573 1508 2608 aueto-

34 2648 150 2686 ritate
181 2647 418 2697 Aristarchi,
460 2659 574 2697 quem
606 2635 873 2694 ὑπεξέφερεν
903 2655 975 2693 pro
1006 2634 1277 2690 ὑπεξέφυγεν
1307 2638 1508 2687 scripsisse

149 2766 177 2810 1)
212 2765 268 2800 De
304 2766 520 2809 praeverbio
554 2760 627 2800 ὗπό
664 2765 702 2798 in
739 2761 950 2808 compositis
987 2759 1206 2801 abundante,
1242 2756 1355 2802 Lyok.
1388 2766 1509 2800 progr·

41 2826 137 2868 1854,
161 2823 252 2868 §aa
276 2833 312 2871 p.
330 2825 384 2857 38.
