1830 3201
305 201 354 236 76

304 310 453 348 scholia
492 309 663 355 tradunt,
707 310 884 360 Heynius
925 314 962 349 et
992 312 1082 360 post
1113 322 1199 349 eum
1230 309 1530 357 Hoffmannusl)
1559 310 1778 349 Aristarchi

305 378 510 415 lectionem
554 378 665 415 etiam
713 378 750 415 in
795 378 879 428 Syr.
911 378 994 416 cod.
1037 381 1253 416 exstantem
1294 377 1594 427 adoptaverunt.
1663 377 1778 425 Quod

306 446 356 482 M.
387 443 664 491 Schmidtius2)
705 445 755 483 ad
797 446 1003 484 lectionem
1035 445 1326 483 Aristarcheam
1364 446 1486 494 magis
1516 445 1778 484 adiuvandam

306 515 438 551 monet
477 511 746 562 imperfectum
787 502 1060 563 ὑπεξέφερον
1100 513 1239 551 melius
1277 513 1506 563 imperfecto
1547 503 1703 563 ἤντετο
1739 512 1779 550 in

305 580 568 629 subsequente
608 581 808 619 enuntiato
841 580 1100 619 condicionali
1136 581 1304 619 exstanti
1335 580 1588 630 respondere,
1630 580 1669 618 id
1701 593 1779 618 non

306 648 399 686 satis
430 648 560 697 magni
590 649 774 686 momenti
795 651 865 686 est.
913 649 1013 686 Nam
1038 649 1104 685 illa
1127 648 1287 686 mutatio
1308 651 1526 698 temporum
1550 649 1586 686 in
1609 647 1780 698 periodis

307 715 570 765 hypotheticis
600 728 648 753 ne
679 728 702 753 a
733 716 860 754 soluta
891 716 1047 765 quidem
1079 716 1256 753 oratione
1287 716 1418 753 Attica
1449 715 1575 753 aliena
1606 718 1673 754 est.
1733 715 1781 753 cf·
1829 739 1830 742 =

307 783 404 820 Xen.
427 782 552 820 Anab.
584 784 686 832 V,8‚
710 785 776 822 13:
809 778 845 820 εἰ
877 778 921 820 δὲ
952 781 1087 820 τοῦτο
1118 773 1282 827 πάντες
1311 777 1559 833 ἐποιοῦμεν,
1593 773 1781 827 ἅπαντες
1827 780 1828 783 ’

308 839 361 885 ἂν
393 838 720 899 (Ξπωλόμεθαῧ).

299 915 302 918 ’
421 918 472 956 Ut
510 929 606 955 vero
647 920 794 955 taceam
837 918 886 954 M.
918 917 1119 955 Schmidtii
1161 918 1425 956 coniecturam
1467 918 1490 955 l.
1531 918 1552 955 l.
1592 918 1780 967 prolatam

307 981 403 1029 πῶς
435 979 481 1021 δέ
510 995 587 1021 κεν
608 975 791 1034 Ἕκτορα
821 982 949 1035 κῆρες
979 974 1251 1034 ὑπεξέφερον
1281 970 1528 1031 θανάτοιο,
1546 998 1647 1035 quae
1679 985 1780 1022 omni

307 1064 423 1090 sensu
454 1052 737 1101 propemodum
769 1056 886 1098 caret,
919 1052 955 1089 id
989 1052 1175 1101 imprimis
1206 1055 1264 1090 est
1284 1051 1562 1102 indagandum,
1593 1051 1687 1102 quid
1711 1052 1781 1090 sibi

309 1119 404 1157 velit
434 1119 529 1157 illud
561 1107 839 1169 ὑπεξέφερεν.
899 1119 1107 1169 Heynium,
1140 1120 1205 1168 qui
1236 1120 1397 1157 verbum
1430 1131 1513 1158 esse
1534 1120 1782 1157 transitivum

309 1199 355 1224 ac
387 1185 609 1235 significare
645 1185 850 1232 „differrc“
887 1187 1131 1231 existimavit,
1163 1187 1238 1224 iam
1259 1186 1490 1235 Spitznerus
1519 1185 1569 1223 ad
1590 1187 1625 1223 h.
1647 1187 1668 1223 l.
1690 1186 1784 1224 satis

310 1254 508 1292 refutavit.
567 1255 619 1291 At
649 1258 831 1303 superest
860 1254 1133 1303 interpretatio
1155 1254 1379 1292 Hoffmanni
1401 1256 1438 1291 et
1459 1252 1667 1303 Rumpfii4)
1690 1266 1783 1291 non·

311 1321 400 1359 dum
432 1334 454 1358 a
485 1321 596 1359 nobis
627 1321 857 1359 examinata.
918 1321 977 1359 llli
1010 1321 1169 1359 verbum
1192 1310 1461 1371 ὑπεξέφερεν
1483 1324 1640 1359 vertunt
1665 1322 1783 1367 „Vor-

310 1401 462 1438 sprung
492 1387 657 1435 haben“,
689 1389 752 1426 vel
782 1388 920 1427 melius
955 1389 1148 1435 „enteilen
1181 1388 1288 1427 vor“.
1348 1388 1550 1438 Rumpfius
1581 1391 1624 1427 ut
1650 1389 1782 1427 miram

311 1457 474 1495 huiusce
516 1456 624 1495 verbi
667 1468 753 1494 cum
785 1457 1011 1494 accusativo
1045 1457 1374 1495 constructionem
1407 1457 1603 1506 explanet,
1634 1456 1786 1495 confert

312 1522 349 1561 Z
368 1527 446 1562 252
487 1519 712 1574 Λαοδίκην
744 1516 972 1573 ἐσάγουσα,
1012 1527 1052 1562 at
1084 1537 1159 1574 quo
1191 1525 1274 1562 iure
1306 1525 1409 1562 hunc
1439 1524 1565 1562 locum
1597 1523 1786 1573 attulerit,

314 1592 402 1629 mihi
444 1605 520 1630 non
560 1592 654 1630 satis
694 1592 946 1641 perspicuum
987 1595 1055 1630 est.
1125 1592 1307 1630 Ceterum
1347 1591 1410 1629 illo
1450 1592 1536 1630 loco
1568 1584 1786 1641 ἐσάγουσα
1828 1614 1830 1618 -

313 1672 390 1697 non
442 1672 512 1709 pro
535 1662 541 1664 “
566 1660 831 1707 intransitivo,
885 1659 954 1698 sed
1005 1672 1077 1709 pro
1129 1660 1335 1698 transitivo
1387 1659 1508 1697 verbo
1560 1659 1784 1697 habendum
1826 1700 1827 1710 2

313 1726 416 1774 est.·'’)
477 1727 669 1775 Quoniam
703 1728 1005 1766 constructionis
1037 1727 1237 1771 eiusmodi,
1271 1729 1312 1765 ut
1342 1722 1607 1778 υπεκφέρειν
1638 1724 1787 1777 κῆρας,

313 1797 407 1834 satis
448 1797 689 1835 luculentum
732 1797 952 1845 exemplum
996 1796 1116 1845 deest,
1160 1796 1379 1833 Aristarchi
1416 1795 1530 1833 lectio
1562 1794 1787 1844 spernenda
1826 1813 1830 1849 ξ

314 1868 383 1903 est.
452 1865 490 1904 Si
521 1865 676 1915 quidem
709 1867 767 1904 est
798 1865 1033 1903 Aristarchi:
1068 1876 1153 1902 nam
1186 1863 1373 1902 Lehrsius
1403 1875 1449 1900 ac
1480 1861 1788 1912 Ludwichiusss)‚
1826 1892 1830 1901 1,

314 1933 386 1971 viri
428 1933 483 1970 illi
523 1932 571 1971 de
615 1933 899 1983 cognoscendis
940 1932 1157 1971 Aristarchi
1202 1931 1425 1981 praeceptis
1467 1929 1610 1979 optime
1650 1929 1787 1975 meriti,
1829 1918 1830 1945 3

315 2000 428 2039 valde
468 2001 714 2047 dubitarunt,
760 2014 850 2040 num
891 2013 933 2039 re
963 2012 1058 2039 vera
1098 1998 1351 2038 Aristarchus
1392 1999 1492 2036 hanc
1537 1997 1789 2048 proposuerit

314 2069 559 2118 scripturam.

908 2120 949 2162 2.
997 2113 1200 2174 ἅμεὶβω.

428 2204 689 2255 Etymologi7)
732 2206 805 2244 hoc
843 2205 1004 2243 verbum
1045 2203 1240 2242 reducunt
1280 2202 1330 2240 ad
1371 2201 1541 2240 radicem
1582 2200 1789 2250 prinprali

315 2275 353 2312 vi
398 2273 578 2312 movendi
624 2276 662 2312 et
703 2273 869 2323 urgendi
915 2272 1155 2321 („schieben,
1200 2269 1422 2318 drangen“)
1467 2268 1694 2319 praeditam,
1739 2267 1787 2305 ad
1825 2290 1826 2313 ᾗ

429 2384 454 2422 ¹)
487 2381 563 2414 Das
588 2380 949 2424 einundzwanzigste
974 2379 1049 2413 und
1071 2377 1465 2421 zweiundzwanzigste
1483 2375 1585 2410 Buch
1611 2375 1675 2410 der
1692 2375 1791 2418 Ilias,
1828 2398 1830 2403 ,

317 2437 503 2472 Glausthal
524 2440 619 2481 1864,
643 2437 731 2471 Pars
748 2436 795 2479 II,
819 2447 853 2480 p.
872 2439 924 2470 73.

429 2496 458 2535 2)
487 2494 521 2528 J.
540 2492 564 2527 f.
581 2493 673 2527 Phil.
691 2496 743 2535 73,
760 2496 813 2527 94.

429 2552 456 2590 3)
491 2548 545 2584 Cf.
571 2549 751 2593 Kruegeri
776 2558 828 2591 gr.
847 2549 907 2583 Gr.
926 2547 953 2592 Ι,
971 2550 1024 2591 54,
1045 2550 1093 2590 10,
1112 2549 1148 2590 43
1173 2545 1219 2589 11,
1237 2548 1289 2588 54,
1312 2548 1362 2579 10.

430 2610 459 2650 4)
490 2606 525 2640 J.
543 2605 566 2641 f.
585 2604 676 2639 Phil.
694 2608 747 2648 93,
764 2607 819 2639 98.

429 2665 458 2705 ⁵)
480 2661 545 2697 Cf.
570 2661 738 2696 Faesium
764 2661 808 2695 ad
833 2660 865 2695 h.
885 2661 905 2695 l.
931 2659 1210 2702 Ameisiumque
1234 2657 1269 2690 in
1295 2656 1499 2701 appendice
1524 2656 1569 2690 ad
1594 2656 1627 2690 h.
1646 2656 1666 2690 l.

430 2722 458 2761 6)
491 2716 714 2753 Aristarch⁷s
746 2716 967 2751 homerische
992 2712 1203 2750 Textkritik
1236 2712 1329 2747 nach
1354 2712 1424 2747 den
1450 2712 1693 2756 Fragmenten
1725 2711 1789 2746 des

319 2776 512 2821 Didymus,
536 2773 681 2817 Lipsiae
702 2776 797 2816 1884,
821 2772 849 2816 Ι,
867 2775 941 2806 476.
967 2791 1009 2795 ——
1035 2771 1090 2805 Cf.
1115 2772 1303 2813 praeterea
1326 2780 1361 2812 p.
1382 2772 1453 2803 113.

433 2832 460 2874 ⁷)
495 2829 549 2867 Cf.
576 2831 675 2865 curt.
693 2830 766 2863 ΕΜ)
784 2831 865 2872 3243
890 2826 1063 2863 Vaniaeek.
1081 2826 1129 2870 Il,
1148 2829 1227 2869 7353
1251 2824 1369 2860 Fick.3
1386 2824 1431 2868 ΙΙ,
1452 2827 1524 2859 192.
