1815 3231
1481 187 1531 220 55

54 291 158 329 tivus
181 302 273 328 usus
294 290 494 328 invenitur
516 301 529 326 ι
554 292 630 328 145
658 279 759 327 02³6&
785 284 940 341 σελήνη
969 288 973 339 Ι
1002 282 1253 340 ‹insprersinw
1275 287 1533 343 προῦφαινε,

54 353 280 407 κατείχετο
315 353 359 394 δὲ
394 353 631 404 νεφέεσσιν,
667 370 819 406 „neque
851 359 943 395 luna
975 373 994 396 e
1027 361 1133 397 caelo
1166 361 1436 409 splendebat:

167 426 310 464 Inutile
342 425 432 462 mihi
465 425 619 474 quidem
644 425 800 463 videtur
835 426 1140 468 Doederleiniin
1173 430 1425 476 propositum,
1458 431 1533 478 qui,

58 508 104 533 ne
137 496 304 544 cogatur
345 494 636 531 intransitivum
671 505 780 531 usum
814 497 998 542 statuere,
1040 485 1164 544 (ιιῗτιῗτ,
1205 497 1307 544 quod
1343 498 1531 534 obiectum

56 563 171 613 plane
212 563 328 600 inane
361 564 437 610 est,
478 561 540 599 vel
571 554 625 597 τὰ
655 555 743 611 πρὸ
777 558 933 598 ποδῶν
964 564 1138 612 suppleri
1173 564 1266 601 vult.
1328 565 1534 602 l'raetervn

55 630 93 668 id
126 642 244 669 unum
278 628 432 678 addam,
469 641 541 667 nee
574 625 721 676 φαίνω
753 642 824 667 1100
861 627 1099 680 προᾳαίνο)
1141 632 1341 669 transitive
1381 633 1426 669 ‹le
1460 634 1533 670 eol-

6 711 7 718 ’
55 697 261 737 lustrando
295 708 460 746 usquam
493 697 636 734 offerri.

168 765 421 815 Aliquotiens
459 764 733 803 tantummodo
772 768 878 803 certa
920 766 1022 803 notio
1061 767 1303 804 intransitiva
1343 772 1427 815 post
1460 768 1534 804 llo-

55 847 203 873 merum
236 834 399 882 legitur,
432 833 632 871 causativa
664 833 764 871 enim
798 834 905 870 notio
936 834 1140 881 efficiendi,
1173 835 1326 883 utquid
1351 836 1385 871 in
1411 835 1532 872 lucem

55 901 232 952 prodeat,
262 901 326 939 vel
363 901 705 951 praemonstrandi
745 901 1031 939 intransitivam
1065 903 1138 939 vim
1172 902 1291 940 multo
1324 904 1535 952 superavit.

168 970 213 1007 In
246 969 321 1007 hoc
355 969 474 1007 verbo
506 968 690 1018 fortasse,
724 972 766 1007 ut
797 969 946 1017 opinor,
980 971 1163 1018 cognosci
1196 973 1332 1018 potest.
1365 983 1441 1019 qua
1475 971 1534 1007 via

56 1050 302 1089 quarumque
345 1037 629 1086 cogitationum
679 1050 752 1086 ope
792 1037 1039 1075 intransitiva
1078 1038 1181 1075 notio
1222 1039 1259 1075 in
1299 1039 1532 1075 causativum

56 1107 106 1145 sit
141 1109 402 1156 transgressa.
471 1105 595 1152 Quem
638 1106 844 1143 transitum
886 1105 1062 1155 equidem
1098 1106 1242 1143 conicio
1276 1106 1416 1143 factum
1451 1119 1532 1143 esse

56 1174 131 1213 1100
152 1174 236 1212 fere
258 1172 385 1212 modo.
435 1173 689 1211 Intransitiva
712 1173 817 1210 notio
846 1173 958 1221 quasi
981 1172 1076 1210 duas
1099 1176 1230 1221 partes
1254 1173 1534 1222 complectitur.

56 1240 144 1292 Res,
165 1253 266 1291 quae
285 1239 495 1291 splendida
513 1243 572 1278 est
594 1239 713 1287 („hell
731 1236 818 1286 ist“)
843 1241 924 1278 sive
947 1240 1138 1289 splendet,
1161 1253 1205 1278 ea
1229 1253 1303 1278 non
1324 1241 1443 1278 solum
1467 1253 1535 1289 per

57 1322 98 1348 se
120 1311 207 1360 ipsa
228 1308 437 1360 splendida
455 1311 525 1358 est,
547 1307 615 1346 sed
635 1309 763 1359 etiam,
785 1309 898 1346 sicuti
923 1311 1225 1346 consentaneum
1246 1312 1313 1355 est,
1336 1309 1371 1345 in
1396 1320 1435 1345 se
1454 1308 1535 1357 ipsa

57 1377 176 1416 habet
197 1377 423 1416 facultatem
452 1389 498 1414 ac
520 1378 752 1426 potestatem
775 1376 898 1414 lucem
922 1376 983 1413 vel
1006 1375 1254 1424 splendorem
1284 1388 1330 1412 ex
1353 1387 1392 1412 se
1416 1376 1534 1412 0111111-

57 1446 177 1484 dendi
200 1442 432 1494 (Helligkeit
453 1443 708 1490 verbreiten).
768 1444 876 1491 Quae
900 1443 1006 1482 notio
1030 1444 1127 1481 lueis
1151 1443 1407 1481 effundendae
1432 1442 1531 1480 haud

58 1515 176 1562 longe
213 1513 327 1552 abest
364 1525 386 1550 a
423 1513 631 1550 transitiva
671 1512 840 1551 notione.
900 1512 1080 1560 Denique
1119 1511 1347 1559 simulatque
1379 1522 1534 1547 accusa-

57 1582 161 1621 tivus
193 1593 234 1620 se
267 1579 494 1631 applicavit,
526 1580 689 1618 verbum
721 1591 886 1629 prorsus
918 1579 1158 1617 transitivam
1191 1579 1265 1615 vim
1299 1590 1343 1615 ac
1366 1580 1534 1626 potesta-

57 1652 134 1688 tem
171 1649 211 1686 in
249 1660 292 1687 se
329 1647 495 1698 suscipit
532 1648 601 1693 ita,
641 1651 685 1685 ut
715 1646 907 1696 significet
943 1647 1093 1692 „lucem
1124 1657 1242 1694 super
1274 1644 1421 1693 aliquid
1454 1644 1536 1681 sun-

59 1717 170 1767 dere,
213 1717 236 1754 i.
268 1728 301 1754 e.
332 1715 588 1765 collustrare,
636 1714 856 1754 illustrare“
893 1713 1126 1762 (Helligkeit
1171 1712 1394 1751 verbreiten
1443 1711 1535 1749 uber

59 1787 190 1831 etwas,
222 1785 244 1822 i.
267 1796 298 1822 e.
320 1783 402 1822 hell
425 1783 604 1833 macheu,
635 1783 874 1831 erleuchten,
906 1782 1071 1831 zeigen)‚
1105 1793 1205 1829 quae
1236 1779 1396 1829 propria
1418 1779 1533 1827 signi-

59 1851 187 1890 ficatio
229 1850 445 1890 identidem
487 1853 606 1901 atque
649 1851 687 1888 in
726 1850 866 1888 Latino
908 1849 1098 1887 vocabulo
1140 1846 1382 1893 „illustrare‘
1418 1858 1534 1895 gene-

59 1920 180 1959 ralem
211 1932 257 1958 ae
287 1919 523 1958 translatum
554 1930 712 1957 sensum
745 1917 817 1955 sibi
850 1917 1072 1965 assumpsit.

172 1986 311 2034 (Istum
343 1998 456 2025 usum
488 1985 784 2035 significationis
811 1985 960 2030 „lucem
988 1982 1195 2032 fundere“,
1227 1994 1304 2031 qua
1326 1981 1426 2019 actio
1451 1992 1534 2018 ver-

59 2056 160 2094 balis
199 2055 353 2094 obiecto
391 2054 598 2093 deficiente
640 2053 805 2091 indicari
837 2051 1012 2100 videtur,
1050 2051 1272 2088 absolutum
1305 2061 1351 2087 ex
1384 2048 1534 2097 vulgari

63 2123 439 2174 lexicographorum
472 2121 760 2161 consuetudine
792 2117 1032 2169 significem.)

175 2201 324 2251 Quodsi
366 2202 515 2252 Papius
561 2201 780 2239 absolutum
834 2210 944 2236 usum
996 2197 1157 2235 subesse
1199 2195 1397 2244 Odysseae
1444 2194 1536 2232 locis

62 2283 87 2322 η
113 2273 334 2310 loo-*102
375 2263 567 2321 χρύσειοι
606 2259 644 2305 δ’
667 2260 750 2318 ἄρα
789 2263 944 2315 κοῦροι
983 2257 1209 2314 ἐυδμήτων
1244 2257 1314 2299 ἐπὶ
1346 2258 1505 2310 Ιἐωμώι)

5 2331 8 2334 ”
65 2333 250 2377 ἕστασαν
287 2333 528 2388 αἰθομένας
566 2332 716 2380 δαΐδας
751 2327 859 2384 μετὰ
884 2329 1038 2383 ἱχερσὶι·
1075 2325 1246 2381 ἔχοντες
1273 2326 1276 2379 1
1305 2325 1538 2377 φαίνοντες

62 2400 226 2452 νύκτας
264 2399 378 2444 κατὰ
417 2399 596 2456 δώματα
628 2395 963 2451 &curvum-mom
1003 2404 1040 2439 et
1079 2411 1102 2436 τ
1135 2402 1186 2438 25
1220 2391 1363 2447 osteode-
1395 2386 1430 2433 δ’
1454 2385 1536 2432 oriz

62 2471 151 2520 εἴας
188 2471 544 2526 προβλωσκέμεν,
582 2468 630 2510 αἵ
661 2483 736 2510 κεν
766 2465 949 2519 ἔφαινον
986 2468 1281 2515 animadvertit,
1323 2467 1393 2503 iste
1435 2470 1538 2501 recte

64 2544 188 2582 sensit
226 2542 551 2592 significationem
584 2553 676 2579 vere
717 2538 1000 2577 intransitivam
1033 2537 1126 2574 locis
1161 2534 1287 2573 citatis
1319 2545 1393 2570 non
1426 2543 1538 2580 posse

65 2611 233 2649 inveniri
282 2612 513 2660 propterea,
551 2608 657 2658 quod
696 2619 772 2645 non
809 2617 890 2654 res,
927 2616 1028 2654 quae
1066 2605 1174 2653 ipsae
1215 2599 1437 2650 splendent,
1473 2597 1539 2635 sed

65 2690 280 2729 personae,
322 2689 424 2727 quae
456 2689 534 2715 non
566 2677 675 2726 ipsae
707 2673 934 2724 splendent,
975 2671 1042 2710 sed
1081 2670 1234 2709 nonnisi
1272 2668 1393 2705 lucem
1431 2677 1540 2715 prae-

179 2808 208 2852 ¹)
242 2807 345 2842 Hom.
363 2806 419 2850 Gl.
445 2817 498 2841 nr.
518 2808 615 2840 2188.
