1815 3231
1434 225 1504 257 tw.)

27 331 195 380 glossae,
235 343 336 380 quac
373 332 599 378 supersunt,
640 332 681 366 ut
719 330 907 377 primitias
951 331 1044 368 artis
1073 329 1356 378 'granuuatiezw
1396 331 1506 368 t'acile

29 410 255 448 cognoscas.
316 397 470 435 Deinde
504 396 772 446 compluribus
806 398 900 435 locis
938 399 1130 447 scriptura
1170 402 1208 435 ct
1239 399 1506 447 interpretatio

28 465 215 504 Zenodoti
249 463 519 510 coniunctae1)
553 465 783 509 afferuntur,
822 467 861 501 ut
893 465 1071 502 lectionis
1102 466 1263 515 auctori,
1295 479 1407 514 quern
1441 467 1506 503 Zo-

29 533 213 572 nodotum
239 533 450 582 Ephesium
475 532 783 580 intcllegendmn
808 544 893 569 csse
918 545 1028 569 nemo
1054 533 1222 582 negavit,
1249 533 1507 571 adscribenda

28 602 77 640 sit
107 601 329 650 explicatio,
362 613 478 649 quam
502 613 522 637 e
545 600 685 647 glossis
709 601 832 648 repeti
868 601 1028 637 multum
1064 600 1179 637 habet
1212 601 1507 649 probabilitatis.

29 669 209 718 Denique
247 671 353 706 recte
392 668 524 705 docuit
563 668 851 711 Uuentzcrus2)
897 667 943 704 de
982 667 1180 704 Zenodoto
1221 668 1386 716 Ephesio
1424 680 1508 705 csse

28 735 291 785 cogitandum,
330 735 433 784 quod
468 734 600 772 versui
636 735 677 771 ll.
706 732 731 780 β
761 733 853 779 89²³)
894 735 1052 783 appicta
1089 739 1145 771 est
1182 736 1217 771 in
1251 735 1334 771 eod.
1361 737 1452 772 Veu.
1476 736 1505 772 A

28 803 133 853 diple
166 803 483 853 pericstigmene,
521 815 598 852 qua
630 802 885 839 Aristarchus
922 801 1105 839 Zenodoti
1146 802 1360 839 doctrinam
1402 806 1508 840 nota·

28 874 148 909 verat.
208 870 284 909 Sed
318 871 389 908 etsi
423 871 665 908 Zenodotum
690 870 899 918 Ephesium
925 869 1134 907 confecisse
1167 862 1366 918 γλώσσας
1397 874 1508 907 extra

29 951 180 978 omnem
221 938 504 976 dubitationem
543 938 709 987 positum
749 949 835 974 esse
874 937 960 973 mihi
995 937 1160 985 videtur,
1196 941 1323 974 tamen
1361 949 1507 974 summa

29 1018 128 1057 opus
160 1010 220 1045 est
253 1007 434 1045 cautione
467 1007 504 1044 in
538 1006 713 1055 reliquiis
742 1005 984 1053 colligendis.
1047 1005 1308 1053 lteperiuntur
1340 1005 1437 1041 euim
1471 1005 1506 1041 iu

28 1075 185 1114 scholiis
216 1074 436 1113 Homericis
468 1074 749 1112 vocabulorum
775 1072 1057 1122 explicationes
1090 1072 1192 1110 haud
1218 1084 1377 1120 paucae,
1408 1085 1509 1121 quac

28 1144 153 1193 primo
178 1142 335 1192 quidem
359 1145 520 1191 aspectu
553 1141 802 1179 Zenodoteac
835 1151 919 1178 csse
954 1140 1153 1182 vide11t1u·;
1190 1139 1256 1177 sed
1290 1140 1510 1177 accuratius

21 1211 58 1250 si
91 1212 129 1249 in
163 1223 241 1248 rem
274 1210 442 1259 inquiris
481 1209 722 1258 intellegitur
759 1219 825 1245 eas
859 1207 1044 1245 confictas
1076 1219 1160 1244 esse
1198 1220 1219 1243 a
1250 1206 1511 1255 grammaticis

29 1279 77 1318 ad
100 1279 320 1328 scripturas
343 1276 532 1316 Zenodoti
555 1276 842 1326 explanandas,
863 1287 961 1324 quas
982 1275 1085 1313 solas
1108 1278 1219 1312 notas
1242 1274 1436 1312 habebant
1457 1295 1510 1299 -

14 1359 114 1386 nam
153 1346 453 1385 commentarios
492 1346 530 1383 in
573 1344 733 1382 Homeri
765 1344 938 1381 carmina
980 1342 1200 1381 Zenodotus
1242 1355 1317 1380 non
1358 1355 1511 1392 compo—

29 1412 208 1460 sucratfl)
285 1414 411 1461 Quam
457 1413 799 1462 grammaticorum
847 1411 1036 1449 rationem
1089 1410 1266 1459 exemplo
1312 1410 1511 1449 luculento

29 1483 244 1521 illustrasse
275 1482 370 1519 satis
403 1481 544 1518 habeo.
603 1480 767 1528 Legitur
798 1480 834 1516 in
867 1479 987 1516 schol.
1009 1479 1041 1516 A
1073 1478 1120 1515 ad
1154 1478 1195 1515 Il.
1224 1489 1235 1513 ι
1265 1480 1360 1516 404:
1402 1472 1512 1527 ,πρὸς

28 1543 132 1595 τοὺς
165 1541 551 1599 γλωσσογράφους,
589 1537 812 1597 ἀφήτορος
842 1544 922 1583 τοῦ
953 1541 1178 1594 στροφέως
1211 1535 1507 1591 ἀποδιδόντες.

31 1613 103 1654 καὶ
127 1608 386 1667 Ζηνόδοτος
418 1610 463 1652 δὲ
494 1604 637 1659 οὕτως
660 1609 924 1658 ἐκδέδεκται,
957 1605 1036 1648 τὸν
1057 1605 1137 1661 γὰρ
1160 1605 1255 1661 ἑξῆς
1275 1607 1512 1661 ,ιιετέγραψηἈ

31 1682 170 1736 ,,νηοῦ
212 1673 528 1728 Ἀπόλλωνοςζζ.
596 1684 676 1720 Iam
716 1681 843 1729 vides,
882 1679 1078 1730 quomodo
1118 1683 1202 1717 orta
1239 1679 1287 1717 sit-
1323 1680 1515 1718 sententia

30 1752 270 1792 Zenodotum
295 1751 515 1800 explicasse
548 1740 789 1801 ἀφήτορος·
814 1746 896 1786 τοῦ
919 1743 1155 1797 στροφέως,
1191 1749 1232 1784 ut
1254 1747 1513 1784 testimonium

31 1834 79 1860 ex
110 1820 254 1870 glossis
286 1819 520 1858 Zenodoteis
550 1819 716 1868 petitum
754 1817 815 1855 hic
847 1816 949 1854 tradi
990 1815 1203 1853 certissime
1240 1814 1288 1852 sit
1318 1814 1514 1864 denegan-

32 1889 134 1927 dum.
193 1888 335 1937 Neque
378 1887 491 1925 aliter
532 1885 721 1924 iudicabis
763 1884 811 1922 de
848 1884 1005 1922 scholiis
1041 1883 1074 1920 A
1111 1882 1159 1919 ad
1192 1882 1272 1919 Il.1
1303 1881 1435 1931 447⁵),
1472 1882 1513 1919 ll.

32 1967 61 2006 μ
92 1954 219 2002 295⁶)
271 1954 422 2002 Quibus
452 1954 546 1992 locis
579 1965 663 1991 cum
698 1952 905 1991 verborum
939 1950 1196 1989 conformatio
1229 1961 1271 1986 ea
1303 1949 1361 1995 sit,
1394 1953 1435 1986 ut
1466 1949 1513 1986 dc

32 2027 195 2062 auctore
227 2022 499 2072 explicationis
531 2021 702 2059 dubitari
737 2033 813 2058 non
845 2019 982 2069 possit,
1012 2019 1095 2056 sola
1125 2016 1371 2055 Zenodotcac
1393 2017 1512 2066 scrip-

32 2095 144 2130 turae
189 2090 327 2129 notitia
373 2091 666 2139 superstructas
712 2099 797 2125 esse
842 2085 1189 2135 interpretationes
1235 2083 1428 2122 concedes
1474 2085 1512 2121 iu

33 2158 203 2207 scholiis,
234 2168 338 2207 quae
361 2168 467 2194 nunc
490 2167 574 2194 sum
598 2155 802 2193 allaturus.
853 2152 967 2200 Quod
994 2152 1192 2201 negotium
1222 2150 1512 2198 suscipiendum

33 2228 103 2271 est,
136 2225 227 2274 quia
259 2236 345 2262 cum
378 2223 542 2262 aliorum
574 2225 656 2260 tum
688 2221 909 2270 Pluygersii
938 2219 1123 2257 iudicium
1155 2221 1213 2256 est
1244 2216 1512 2256 refellendum.

147 2345 174 2387 1)
209 2342 264 2378 Cf.
291 2341 403 2377 schol.
421 2339 456 2375 A
484 2341 529 2376 ad
555 2340 595 2375 Il.
622 2352 644 2373 cc
664 2342 744 2381 50T3
770 2340 789 2372 λ
810 2341 892 2381 7543
920 2349 937 2370 v
956 2340 1029 2372 450.

146 2400 175 2445 2)
211 2397 268 2435 Cf.
293 2409 329 2443 p.
347 2401 400 2433 29.

146 2458 175 2498 3)
209 2453 264 2491 Of.
290 2466 324 2499 p.
348 2458 420 2489 146.

147 2513 175 2554 4)
210 2512 264 2547 Of.
283 2511 387 2545 Wolf
408 2521 441 2555 p.
461 2512 525 2545 215>
551 2509 633 2544 adn.
653 2512 712 2552 843
738 2510 788 2542 La
814 2506 938 2541 Roche
964 2517 998 2550 p.
1017 2509 1077 2548 503
1102 2503 1337 2546 Sengebusch
1362 2503 1377 2536 l
1403 2513 1436 2546 p.
1455 2506 1513 2541 22·,

33 2570 139 2613 idem,
160 2568 311 2604 Jahrbb.
330 2568 355 2603 f.
372 2567 462 2603 Phil.
481 2567 602 2602 LXIX
623 2578 658 2610 p.
672 2568 753 2608 '2523
778 2565 933 2598 Roemer
951 2573 984 2606 p.
999 2565 1073 2597 651.
1094 2581 1133 2585 -
1152 2560 1256 2594 Falso
1275 2559 1318 2593 de
1337 2568 1511 2593 commcn-

36 2624 136 2659 tariis
163 2623 344 2668 cogitavit
368 2633 475 2666 unus,
500 2626 674 2667 quantum
701 2620 787 2662 scio,
814 2619 995 2663 Pluygers
1020 2628 1055 2660 p.
1074 2621 1103 2653 ῖ.

147 2681 177 2724 ⁵)
210 2678 274 2713 Ad
300 2679 442 2724 glossas
475 2678 619 2714 rettulit
642 2676 746 2712 Wolf
774 2687 806 2720 p.
827 2678 900 2717 215,
934 2673 1018 2708 tulit
1041 2682 1231 2707 assensum
1257 2667 1512 2704 Graefenhanii

36 2736 52 2770 I
76 2747 112 2780 p.
130 2739 206 2771 534.

148 2794 178 2834 ⁶)
214 2790 268 2827 Cf.
288 2791 391 2827 Wolf
411 2791 432 2826 l.
451 2802 498 2835 c.;
525 2790 756 2826 Graefenhan
781 2789 802 2823 l.
822 2798 872 2830 ας
896 2790 994 2821 recte
1011 2784 1186 2820 iudicavit
1208 2785 1392 2818 Duentzer
1418 2792 1451 2826 p.
1470 2785 1510 2815 30

38 2848 121 2884 adn.
142 2851 193 2884 19.
