1830 3201
305 196 384 233 286

305 309 442 345 contra
480 307 655 344 Abantes
692 306 881 344 Periclem
923 306 1065 344 bellum
1101 306 1297 355 gessisse?
1356 308 1493 356 Neque
1530 320 1623 346 vero
1664 309 1784 348 multo

305 374 442 413 melius
473 386 535 411 res
566 385 605 411 sc
638 374 766 422 habet,
796 374 827 411 si
859 373 974 422 ponis
1005 373 1079 411 hac
1101 374 1307 412 occasione
1329 374 1460 412 oblata
1490 387 1576 413 eum
1607 376 1784 415 attulisse

304 441 392 479 olim
423 441 598 478 Abantes
629 440 665 478 in
698 440 860 478 Euboea
891 439 1023 478 fuisse.
1082 440 1161 477 Iam
1195 443 1348 479 restant
1378 442 1452 479 tria
1474 442 1624 480 scholia
1654 455 1783 492 neque

304 520 349 545 ea
385 508 485 545 inter
516 519 557 545 se
589 510 780 556 separata,
818 506 982 556 primum
1015 508 1038 544 l.
1070 510 1256 553 19-22,
1293 508 1399 558 quod
1431 510 1464 547 R
1500 510 1621 547 solum
1655 511 1784 561 habet,

303 575 399 612 falso
438 575 533 612 illud
564 567 796 625 παρετάθη
828 577 968 623 poetae
1004 574 1053 612 ad
1086 575 1274 613 tributum
1306 579 1463 614 auctum
1501 577 1689 627 referens,
1724 590 1783 616 sc-

303 642 471 680 cundum
504 643 527 679 l.
549 645 726 691 23—26,
757 642 873 690 quod,
906 654 991 680 cum
1020 643 1059 680 in
1086 643 1142 680 rei
1165 645 1301 692 gestae
1324 644 1549 682 narratione
1578 645 1624 682 ab
1647 645 1781 683 eodem

305 710 581 748 commentario
623 721 701 758 quo
738 710 794 747 III
833 709 1074 759 dependeat,
1118 710 1215 748 falso
1259 723 1279 748 e
1321 715 1458 760 poetae
1494 712 1623 750 verbis
1665 713 1784 751 inter-

305 779 591 827 pretamentum
623 777 753 815 hausit
782 777 880 815 fictis
902 777 946 815 iis
979 790 1079 827 quae
1112 778 1160 816 de
1182 777 1507 817 Chalcidensibus
1530 782 1567 817 et
1589 781 1784 818 Eretrien-

302 845 409 882 sibus
446 845 768 893 amplissimarum
807 845 989 883 Euboeae
1026 845 1179 883 urbium
1217 846 1352 883 incolis
1396 846 1530 884 addita
1568 851 1670 897 suut,
1707 849 1783 886 ter-

304 913 398 950 tium
431 911 603 961 denique
635 912 657 950 l.
680 915 856 958 27—33,
888 924 968 950 rem
997 912 1096 950 bene
1119 913 1317 961 explicans
1339 915 1409 951 sic:
1440 905 1551 964 πρὸς
1572 908 1624 951 τὸ
1644 926 1784 965 παρα-

303 976 479 1017 τέταται
509 1010 515 1016 .
540 1010 546 1016 .
574 1009 580 1016 .
613 976 873 1029 Περικλέους
905 979 1259 1031 στρατηγοῦντος
1289 978 1677 1031 καταστρέψασθαι
1708 973 1781 1019 αὖ·

305 1041 413 1092 τούς
444 1044 591 1084 πᾶσαν
632 1044 733 1098 φησὶ
772 1041 1017 1098 Φιλόχορος
1056 1045 1125 1085 καὶ
1168 1042 1250 1098 τὴν
1288 1044 1367 1098 μὲν
1401 1040 1538 1100 ἄλλην
1575 1044 1647 1087 ἐπὶ
1682 1039 1784 1100 ὁμο-

306 1112 430 1167 λογία
467 1113 816 1165 κατασταθῆναι,
852 1105 1102 1153 (Εστιαιὲιου
1140 1111 1186 1153 δὲ
1223 1107 1584 1154 ιῖποικισθέυτωι)
1621 1108 1783 1163 αὐτοὺς

304 1176 385 1233 τὴν
412 1176 561 1232 χώραν
599 1176 710 1232 ἔχειν
748 1182 812 1229 (cf.
843 1184 1066 1229 Muellerus,
1098 1184 1189 1232 Frg.
1217 1184 1252 1221 h.
1280 1197 1336 1232 gr.
1367 1185 1385 1222 I
1416 1197 1451 1233 p.
1479 1187 1571 1233 399,
1601 1185 1674 1233 frg.
1702 1185 1784 1233 89).

304 1251 455 1298 Quibus
477 1263 563 1288 cum
587 1250 717 1288 verbis
744 1250 774 1288 si
797 1251 1043 1300 comparabis
1075 1252 1199 1290 Tliuc.
1227 1253 1254 1301 I,
1278 1255 1368 1300 114,
1390 1256 1432 1292 3:
1463 1250 1537 1289 καὶ
1559 1243 1783 1304 Ἀθηναῖοι

302 1313 437 1356 πάλιν
491 1313 532 1363 ἐς
584 1309 775 1366 Εὔβοιαν
832 1312 1060 1365 διαβάντες
1110 1316 1376 1369 Περικλέους
1431 1319 1783 1372 στρατηγοῦντος

302 1383 660 1437 κατεστρέψαντο
697 1384 844 1424 πᾶσαν
886 1383 958 1423 καὶ
1001 1380 1082 1437 την
1119 1383 1198 1437 μὲν
1234 1380 1370 1440 ἄλλην
1409 1378 1619 1441 ὁμολογίᾳ
1662 1401 1782 1427 κατε-

303 1448 530 1504 στήσαντο,
568 1443 782 1499 Ἑστιαιᾶς
823 1450 869 1491 δὲ
911 1449 1204 1503 ἐξοικίσαντες
1244 1445 1370 1493 αὐτοὶ
1409 1450 1492 1506 τὴν
1524 1454 1608 1507 γῆν
1645 1450 1783 1507 ἔσχον,

304 1526 450 1561 tantam
487 1522 587 1560 inter
618 1522 897 1560 Philochorum
929 1525 971 1570 et,
996 1522 1270 1572 Thucydidem
1298 1524 1446 1562 videbis
1477 1524 1783 1575 similitudinem,

306 1594 346 1628 ut
387 1591 494 1628 illum
539 1590 586 1627 ab
629 1590 701 1627 hoc
751 1590 799 1627 ad
845 1590 1006 1627 verbum
1054 1592 1352 1641 transscriptum
1398 1603 1483 1630 esse
1530 1604 1606 1630 non
1652 1605 1782 1642 neges,

303 1659 416 1696 immo
454 1671 531 1696 non
564 1658 689 1695 solum
723 1670 769 1695 ea
805 1658 1064 1708 transscripta
1095 1661 1198 1708 sunt,
1234 1671 1334 1707 quae
1365 1660 1403 1696 in
1436 1659 1584 1697 scholio
1616 1663 1781 1708 exstant,

303 1725 372 1763 sed
414 1726 528 1764 etiam
575 1738 621 1763 ea
667 1737 767 1774 quae
810 1725 1051 1763 antecedunt
1096 1726 1200 1774 apud
1238 1726 1506 1775 Thucydidem
1548 1723 1622 1764 καὶ
1660 1718 1781 1778 Ἀθη-

305 1796 419 1830 ναῖοι
451 1815 503 1820 -
536 1785 775 1839 διαβάντες,
807 1805 893 1830 cum
924 1793 1039 1831 aliter
1069 1793 1265 1842 quomodo
1294 1794 1525 1832 scholiastes
1555 1794 1779 1833 Philochori

305 1861 425 1899 verba
475 1861 761 1898 transscribens
812 1861 1027 1898 subiectum
1079 1864 1118 1898 et
1157 1861 1349 1899 obiectum
1391 1862 1568 1899 omittere
1608 1863 1782 1911 potuerit

304 1941 380 1966 non
411 1928 670 1976 intellegatur.
729 1927 892 1965 Accedit
923 1927 1028 1976 quod
1060 1940 1210 1977 paucae
1240 1931 1371 1966 textus
1399 1929 1648 1967 diversitates
1679 1942 1780 1978 quae

306 1998 475 2045 exstant,
506 1998 548 2033 ut
579 1995 779 2045 passivum
810 2008 880 2044 pro
911 1996 1049 2041 activo,
1078 1988 1226 2045 χώραν
1257 2009 1330 2045 pro
1362 1993 1455 2047 γῆν,
1496 1986 1781 2034 ἀποικισθέν-

305 2075 399 2100 Tam
431 2076 503 2113 pro
532 2058 675 2111 Egone„
714 2057 785 2100 ἐπὶ
823 2051 1035 2115 ὁμολογίᾳ
1073 2076 1144 2112 pro
1182 2052 1398 2115 ὁμολογία
1436 2066 1503 2102 aut
1538 2065 1781 2114 grammatici

305 2131 470 2169 consilio
502 2134 570 2169 aut
592 2131 830 2169 scholiorum
853 2131 1088 2179 corruptelis
1110 2131 1238 2168 malim
1261 2131 1485 2169 adscribere
1516 2143 1632 2181 quam
1654 2132 1780 2170 Philo-

305 2200 413 2237 chori
446 2199 619 2245 consilio,
651 2202 693 2236 ut
723 2199 786 2236 hic
817 2210 955 2237 revera
984 2201 1107 2237 totum
1139 2199 1266 2236 locum
1288 2198 1591 2248 Thucydidcum
1623 2201 1661 2237 et
1692 2211 1779 2237 eum

305 2266 462 2315 quidem
494 2267 628 2316 paullo
652 2266 870 2304 uberiorem
903 2278 1018 2315 quam
1048 2266 1115 2314 qui
1137 2269 1264 2304 exstat
1290 2266 1328 2304 in
1351 2267 1500 2304 scholio
1528 2267 1781 2316 exscripserit

306 2345 466 2371 necesse
488 2333 548 2371 sit.
598 2333 659 2371 An
684 2334 746 2371 hic
770 2345 852 2371 mos
874 2334 1078 2371 historici?
1118 2335 1199 2371 Iam
1221 2334 1259 2371 id
1282 2333 1387 2383 quod
1405 2332 1779 2380 Wilamowitziusffl)

303 2400 501 2450 indicavit,
541 2401 644 2450 quod
685 2402 723 2439 in
764 2402 817 2439 rei
858 2405 997 2439 natura
1035 2401 1203 2450 positum
1243 2414 1266 2439 a
1303 2402 1413 2440 nobis
1449 2413 1608 2451 quoque
1644 2403 1780 2451 postea

306 2469 462 2517 saepius
494 2471 721 2517 exponetur,
753 2468 1031 2506 Philochorum
1063 2469 1204 2517 legisse
1233 2468 1275 2506 *et
1305 2472 1481 2506 secutum
1509 2480 1594 2507 esse
1624 2468 1779 2517 Thucy-

307 2535 447 2585 didem,
477 2535 805 2580 Sehroederusffl)
837 2548 882 2574 eo
904 2535 1024 2585 auxit,
1054 2538 1096 2574 ut
1126 2548 1212 2574 eum
1243 2536 1517 2586 Thucydidem
1548 2549 1625 2575 non
1655 2537 1778 2574 solum

306 2603 461 2641 novisse
501 2603 651 2642 diceret
690 2603 759 2641 sed
797 2604 910 2642 etiam
948 2615 968 2642 e
1004 2603 1125 2642 verbo
1162 2604 1425 2653 exscripsisse,
1465 2603 1515 2641 ad
1552 2616 1669 2653 quam
1699 2615 1779 2641 rem

419 2712 459 2751 l¹¹³)
494 2708 550 2745 Cf.
575 2710 693 2744 Herm.
719 2710 789 2743 XII
818 2722 853 2754 p.
871 2713 934 2744 333
966 2710 1049 2745 adn.
1072 2713 1128 2753 133
1153 2709 1328 2754 ¹Siebelis,
1353 2710 1514 2745 Philoch.
1540 2709 1666 2754 fragm.
1692 2721 1726 2754 p.
1744 2709 1778 2744 X

307 2769 342 2799 et
368 2769 404 2799 51
434 2765 528 2799 idem
553 2766 620 2799 iam
646 2766 819 2809 exposuit
844 2767 921 2800 solo
947 2766 1015 2800 hoc
1039 2776 1145 2810 quem
1170 2776 1238 2800 nos
1264 2769 1458 2801 tractamus
1482 2766 1585 2801 nisus
1609 2766 1699 2801 loco.

419 2823 461 2865 ¹⁴)
495 2820 549 2857 Cf.
575 2822 596 2857 l.
614 2831 643 2856 a.
669 2831 704 2866 p.
722 2824 774 2856 33.
801 2824 852 2857 34.
