1830 3201
307 180 384 215 154

303 290 404 327 hanc
427 291 649 339 opinionem
677 290 919 339 probabilem
944 303 1027 329 esse
1059 292 1143 329 iure
1165 304 1364 340 negamus.
1423 294 1561 341 Neque
1593 293 1699 342 quod
1733 306 1781 331 ex

302 358 441 403 litteris
481 357 646 396 servatis
692 357 871 397 facillime
921 359 1139 397 restituitur
1190 353 1508 410 „aavtodava
1553 360 1774 399 historiam“

301 423 552 462 scribendum
575 436 660 462 esse
692 425 929 463 contendere
951 426 1090 474 possis,
1121 438 1208 463 nam
1240 439 1342 475 quae
1365 427 1597 465 exhibentur
1621 427 1669 465 de
1691 428 1780 465 libri

301 495 531 541 argumento
588 492 851 537 „Zenodotum
896 492 1085 531 inducere
1131 494 1396 532 Aristar-chios
1452 494 1688 534 disserentes
1734 495 1782 533 de

300 560 480 597 Paeeone
514 562 552 597 et
581 559 743 597 multis
766 559 908 597 docere
941 561 1165 609 Apollinem
1198 564 1236 598 et
1258 562 1440 600 Paeeona
1472 563 1637 600 eundem
1669 562 1777 600 esse“

300 638 377 663 non
412 626 611 675 quadrare
633 627 818 665 videntur
848 628 885 664 in
914 627 1093 672 „Variam
1117 628 1360 678 historiam“,
1391 630 1428 666 in
1451 642 1530 678 qua
1561 630 1783 668 narratiun-

301 694 410 731 culas
453 697 491 731 et
534 695 948 733 commentatiunculas
996 695 1157 733 minoris
1199 697 1364 734 ambitus
1414 696 1514 734 tradi
1565 700 1783 747 exspectas.

301 763 484 801 Proxime
524 763 573 800 ad
605 764 809 801 veritatem
848 764 872 801 ii
903 765 1116 802 accessisse
1156 765 1246 802 mihi
1279 764 1473 814 videntur,
1513 766 1577 815 qui
1616 766 1780 819 profecti

301 831 349 868 ab
380 831 437 880 iis,
477 843 578 880 quae
617 832 742 869 Maius
780 832 920 880 legisse
957 832 1026 869 sibi
1066 832 1173 870 visus
1210 835 1281 881 est,
1317 829 1534 883 Παιανὶηυ
1565 834 1627 871 vel
1658 833 1783 872 simile

303 898 397 947 quid
430 899 468 936 in
500 898 608 936 initio
642 899 715 936 loci
739 900 914 948 corrupti
947 899 1141 937 exstitisse
1174 900 1244 937 sibi
1276 903 1571 949 persuaserunt.
1631 901 1782 948 Quodsi

303 978 421 1015 supra
453 966 660 1004 lectionem
692 967 873 1004 Paeeona
910 969 1016 1004 recte
1047 967 1085 1004 in
1118 970 1267 1005 textum
1301 968 1530 1016 recepimus,
1569 968 1782 1007 assentien-

300 1033 391 1071 dum
431 1037 489 1072 est
521 1034 829 1080 Wachsmuthio,
868 1035 932 1084 qui
949 1047 1083 1072 vocem
1128 1031 1371 1085 Παιηονίην
1412 1034 1625 1082 restituit.¹)
1695 1036 1783 1084 Qua

300 1101 337 1138 in
378 1102 605 1139 coniectura
641 1101 879 1150 pensitanda
919 1101 1015 1139 illud
1055 1104 1160 1139 certe
1203 1101 1497 1140 concedendum
1535 1106 1594 1141 est
1633 1103 1782 1141 litteras

304 1195 344 1213 „.
367 1197 376 1205 .
397 1197 405 1205 .
427 1168 547 1205 riam“
583 1180 746 1218 prorsus
778 1169 946 1218 neglegi.
1005 1168 1187 1208 Osannus
1220 1172 1360 1214 autem,
1392 1170 1458 1218 qui
1488 1170 1627 1208 librum
1650 1168 1781 1207 Παια-

299 1231 399 1285 vim)
431 1236 665 1284 inscriptum
689 1248 774 1274 esse
805 1236 875 1274 sibi
908 1237 1114 1285 persuasit,
1146 1249 1231 1274 cum
1255 1237 1435 1274 conicere
1466 1248 1584 1274 ausus
1605 1238 1665 1286 sit,
1695 1250 1781 1286 par-

300 1306 377 1340 tem
412 1316 498 1341 eum
531 1303 651 1341 fuisse
693 1303 884 1341 uberioris
915 1304 1019 1341 illius
1050 1297 1160 1353 πρὸς
1192 1295 1246 1340 τὰ
1275 1293 1348 1341 ὑπ’
1371 1293 1650 1354 Ἀριστάρχου
1681 1294 1781 1342 ἄθε-

299 1362 490 1419 τούμειά
522 1370 671 1408 collatis
702 1370 821 1408 schol.
850 1371 882 1408 A
916 1371 964 1408 ad
996 1371 1037 1408 ll.
1068 1383 1093 1407 α
1115 1374 1196 1410 473
1231 1371 1446 1408 hariolatus
1475 1374 1548 1416 est;
1587 1383 1673 1409 nam
1707 1372 1780 1410 hoc

301 1440 533 1487 argumento
566 1450 677 1476 usum
711 1450 796 1476 esse
827 1438 1069 1476 Zenodotum
1093 1439 1294 1476 Mallotam
1325 1439 1373 1475 ad
1402 1438 1672 1477 defendendos
1694 1451 1780 1477 ver-

299 1517 376 1554 suS,
407 1517 508 1554 quos
532 1506 783 1543 Aristarchus
805 1508 1022 1551 notaverat,
1052 1506 1210 1554 probari
1233 1505 1415 1555 nequitss)
1467 1506 1648 1544 Ceterum
1671 1507 1780 1545 scho-

294 1573 373 1610 lion
405 1573 453 1610 ad
486 1574 531 1611 Il.
560 1584 583 1610 ο
616 1576 694 1612 262
738 1574 902 1622 petitum
940 1585 1025 1611 esse
1066 1586 1113 1611 ex
1151 1574 1226 1611 hoc
1265 1574 1376 1621 libro,
1416 1573 1465 1611 de
1496 1586 1573 1623 quo
1616 1575 1781 1624 agimus,

295 1641 459 1678 multum
499 1641 617 1679 habet
654 1641 953 1690 probabilitatis,
992 1644 1160 1679 attamen
1200 1642 1499 1679 commentarios
1537 1642 1778 1699 Homericos,

294 1720 397 1757 quos
428 1708 475 1746 ab
507 1708 709 1746 Zenodoto
732 1709 892 1746 Mallota
924 1708 1124 1746 confectos
1157 1720 1242 1746 esse
1275 1708 1530 1757 improbabile
1563 1721 1640 1747 non
1672 1708 1778 1758 6613),

293 1775 442 1813 fontem
466 1787 550 1813 esse
572 1788 687 1824 posse
719 1789 796 1814 non
828 1788 940 1825 nego.
991 1775 1092 1813 Illud
1121 1775 1280 1814 dubium
1305 1788 1390 1814 esse
1420 1789 1495 1814 non
1518 1779 1659 1826 potest,
1680 1778 1774 1826 quin

296 1844 395 1882 liber
445 1844 494 1881 ad
530 1844 714 1893 colloquii
752 1857 924 1882 normam
977 1843 1094 1881 suerit
1138 1843 1338 1893 redactus,
1383 1856 1496 1892 quem
1539 1844 1577 1881 in
1620 1844 1775 1882 modum

296 1911 444 1960 scripta
475 1912 729 1960 grammatica
761 1911 1006 1949 conformata
1037 1923 1122 1949 esse
1153 1912 1247 1949 satis
1278 1910 1468 1957 scimus.⁴)

407 1980 524 2017 Nunc
560 1979 755 2028 agendum
788 1982 847 2017 est
885 1979 932 2017 de
970 1979 1150 2028 athetesi,
1186 1991 1302 2028 quam
1341 1980 1448 2016 Eust.
1479 1992 1515 2028 p.
1545 1981 1661 2025 1006,
1691 1982 1714 2018 3
1756 1992 1778 2016 a

292 2046 495 2085 Zenodoto
518 2047 677 2084 Mallota
707 2047 948 2095 propositam
972 2058 1057 2084 esse
1089 2046 1216 2096 docet,
1249 2058 1334 2084 cum
1366 2048 1404 2084 in
1435 2046 1595 2086 scholiis
1618 2048 1696 2086 AT
1726 2048 1775 2085 ad

295 2113 339 2150 Il.
370 2124 393 2149 0
423 2116 475 2152 64
514 2113 650 2151 eadem
688 2113 770 2151 fere
808 2113 1082 2151 exhibentibus
1120 2113 1309 2151 Zenodoti
1340 2116 1490 2151 tantum
1522 2126 1662 2151 nomen
1702 2118 1777 2152 tra-

294 2179 410 2218 datur
446 2181 676 2229 cognomine
718 2193 796 2218 non
840 2180 986 2219 addito.
1054 2180 1166 2227 Quae
1211 2192 1297 2217 cum
1342 2181 1394 2218 ita
1436 2181 1524 2229 sint,
1571 2181 1775 2219 Eustathio

292 2246 409 2285 fidem
441 2259 527 2286 6666
557 2247 779 2286 habendam
811 2248 972 2297 colligas
1003 2259 1051 2286 ex
1082 2248 1139 2296 iis,
1174 2259 1275 2296 quae
1306 2259 1426 2296 supra
1457 2247 1639 2286 diximus.
1698 2249 1775 2287 Ta-

293 2326 380 2351 men
413 2318 547 2353 nostro
571 2315 656 2353 loco
688 2315 936 2353 Eustathium
967 2326 1174 2364 perperam
1205 2313 1392 2352 Zenodoti
1415 2315 1602 2353 Mallotae
1633 2327 1772 2353 nomen

293 2382 524 2430 apposuisse
555 2394 696 2420 censeo
734 2393 820 2419 cum
853 2380 1114 2428 Duentzero5)
1147 2385 1184 2419 et
1214 2380 1482 2426 Schradeross).
1541 2381 1636 2420 Cum
1668 2383 1770 2420 enim

411 2512 437 2553 ¹)
472 2509 528 2545 Cf.
553 2510 675 2544 Osann
702 2510 723 2544 l.
744 2510 765 2543 l.
791 2510 806 2544 I
832 2522 867 2554 p.
888 2514 937 2544 19.

405 2568 435 2607 2)
464 2566 594 2600 Moritz
620 2565 794 2606 Schmidt,
826 2564 1036 2600 Zeitschrift
1063 2564 1087 2599 f.
1113 2565 1147 2598 d.
1175 2562 1502 2600 Alterthumswiss.
1528 2564 1616 2598 XIII
1642 2576 1676 2609 p.
1695 2568 1768 2600 253.

407 2624 436 2663 ³)
468 2622 523 2657 Cf.
549 2633 584 2665 p.
606 2625 680 2656 155.

405 2679 434 2721 4)
468 2677 524 2712 Cf.
548 2678 675 2720 Lehrs,
700 2678 834 2712 Herod.
860 2678 997 2721 scripta
1021 2677 1092 2711 tria
1116 2687 1193 2719 em.‚
1219 2687 1253 2720 p.
1272 2680 1347 2711 419.

406 2737 436 2776 ⁵)
466 2734 520 2768 De
544 2734 732 2768 Zenodoto
757 2743 787 2768 e.
805 2744 838 2777 q.
857 2744 895 2777 s.‚
922 2745 957 2778 p.
975 2736 1027 2768 24.
1048 2736 1123 2768 169.

408 2791 438 2831 ⁶)
467 2790 535 2825 l.c.
562 2801 596 2834 p.
615 2792 691 2825 438.
