1830 3201
291 182 366 218 126

396 290 473 329 Sed
513 290 610 328 haee
647 290 848 329 hactenus·
906 290 1007 329 Satis
1045 291 1145 328 enim
1185 291 1274 329 mihi
1312 292 1586 341 comprobasse
1622 291 1761 331 videor

283 357 524 396 Zenodotum
547 357 761 407 Ephesium
793 358 1036 407 temporibus
1058 358 1272 396 Ptolemaei
1294 358 1543 408 Philadelphi
1571 361 1779 410 floruisse,¹

284 426 354 463 etsi
388 437 474 463 eum
507 425 580 462 iam
608 428 724 463 antea
753 427 775 463 i.
799 437 830 464 e.
852 426 1033 463 extremis
1055 425 1202 464 Soteris
1223 426 1424 475 regiminis
1455 427 1567 465 annis
1597 427 1761 477 gloriam

283 493 500 531 litterarum
531 492 669 531 studiis
701 495 922 532 assecutum
955 505 1037 531 esse
1069 494 1280 531 verisimile
1311 497 1381 532 est.

395 617 559 654 Praeter
580 616 822 655 Zenodotum
845 616 1057 665 Ephesium
1089 615 1231 655 Suidas
1262 618 1494 656 mentionem
1518 617 1611 657 facit
1641 619 1762 657 Zeno-

284 683 365 721 doti
397 683 656 721 Alexandrini
688 683 818 721 verbis
850 684 923 721 his:

396 743 644 801 Ζηνόδοτος
676 740 996 799 Ἀλεξανδρεύς,
1027 743 1344 801 γραμματικός,
1376 740 1399 789 ὁ
1432 746 1478 789 ἐν
1511 743 1629 790 ἄστει
1661 751 1765 804 κλη-

284 814 390 862 θείς.
445 811 557 867 πρὸς
596 811 651 854 τὰ
692 807 766 855 ὑπ’
793 808 1067 867 Ἀριστάρχου
1113 808 1393 868 (ἔθετούμενα
1434 817 1520 856 τοῦ
1560 818 1764 871 ποιητοῦ.

286 880 490 936 ἕγραψεί)
534 877 646 936 ,πρὸς
687 878 908 922 Πλάτωνα
947 882 1049 935 περὶΓ
1090 883 1223 922 θεῶν.
1285 882 1386 937 περὶ
1427 884 1506 937 τῆς
1541 876 1765 938 Ὁμηρικῆς

283 949 531 1004 συνηθείας.
585 946 729 997 λύσεις
746 941 992 1003 Ὁμηρικῶν
1015 942 1327 1004 ιἰπορημάτων.
1378 949 1437 999 εἰς
1463 947 1546 1004 τὴν
1568 948 1764 992 Ησιόδου

285 1016 527 1071 θὲογονὶαν
558 1016 632 1057 καὶ
664 1011 772 1056 ἄλλα
807 1013 990 1070 συχνά.ἳ)

397 1099 548 1146 Quibus
586 1098 633 1136 de
665 1098 796 1137 verbis
833 1102 1080 1149 quantopere
1118 1098 1426 1149 disoeptaverint
1461 1099 1534 1138 viri
1567 1100 1681 1150 docti,
1716 1113 1765 1139 ex

284 1179 362 1216 quo
401 1166 568 1205 Wolfius
613 1166 925 1215 „Prolegomena
966 1166 1015 1203 ad
1057 1166 1294 1205 Homerum“
1341 1166 1486 1217 publici
1528 1167 1620 1206 fecit
1660 1169 1767 1219 iuris,

285 1236 361 1274 dici
389 1235 455 1272 vix
486 1237 626 1284 potest.
687 1234 939 1282 Quaestionis
964 1235 1085 1273 totius
1107 1235 1225 1273 cardo
1248 1236 1285 1274 in
1309 1247 1355 1273 ea
1376 1247 1417 1273 re
1440 1236 1617 1286 vertitur,
1647 1237 1770 1286 quod,

284 1315 370 1341 cum
414 1304 570 1350 praeter
606 1301 848 1340 Zenodotum
888 1301 1201 1340 Alexandrinum
1245 1303 1284 1340 in
1320 1305 1497 1340 veterum
1535 1303 1766 1342 testimoniis

284 1369 472 1408 Zenodoti
502 1369 686 1407 Mallotae
718 1368 878 1418 saepius
909 1372 947 1406 et
979 1368 1149 1407 Cratetei
1180 1369 1298 1407 semel
1330 1381 1470 1407 nomen
1502 1369 1768 1420 perhibeatur,

285 1435 578 1475 diiudicandum
625 1440 700 1485 est,
750 1438 881 1473 utrum
932 1435 1028 1473 haec
1072 1436 1148 1473 tria
1191 1436 1253 1473 vel
1304 1439 1492 1486 quattuor
1536 1437 1767 1485 cognomina

287 1493 607 1553 Ἀλεξανδρεύς,
652 1491 676 1539 ὁ
714 1496 762 1539 ἐν
797 1493 936 1549 ἄστει,
979 1491 1002 1539 ὁ
1039 1495 1305 1554 Μαλλώτης,
1348 1513 1371 1538 ο
1408 1496 1676 1554 Κρατήτειος
1716 1503 1765 1542 ad

289 1583 408 1609 unum
439 1582 489 1608 an
520 1569 569 1607 ad
600 1569 732 1619 plures
761 1570 1047 1619 grammaticos,
1078 1570 1220 1619 quibus
1251 1570 1440 1609 Zenodoti
1471 1570 1588 1608 fuerit
1615 1583 1768 1621 nomen,

289 1640 483 1689 spectent3
528 1637 681 1676 accedit
727 1638 832 1687 quod
871 1637 1014 1675 Suidae
1057 1638 1120 1675 vel
1160 1638 1347 1686 Hesychii
1389 1638 1499 1676 locus
1542 1639 1767 1688 corruptela

289 1718 424 1744 carere
455 1717 532 1743 non
555 1704 724 1743 videtur.
773 1706 905 1755 Atque
927 1717 1059 1743 eorum
1084 1704 1328 1755 sententiass),
1359 1706 1426 1755 qui
1456 1718 1576 1744 unum
1608 1709 1766 1756 praeter

287 1772 529 1811 Zenodotum
566 1772 778 1822 Ephesium
816 1773 887 1810 sibi
924 1771 1140 1819 finxerunt,
1177 1785 1222 1810 ea
1258 1785 1300 1811 re
1337 1773 1580 1822 potissimum
1618 1774 1768 1822 nititur,

289 1840 394 1890 quod
440 1840 477 1877 in
520 1840 655 1878 tabula
695 1840 946 1889 Hesychiana
988 1841 1257 1879 Alexandrino
1302 1841 1402 1879 liber
1445 1832 1558 1891 πρὸς
1596 1833 1651 1878 τὰ
1689 1830 1766 1879 ὑπ’

287 1899 563 1960 Ἀριστάρχου
603 1900 879 1960 &aaronitae
915 1912 1155 1961 attribuitur,
1191 1915 1233 1950 ut
1268 1912 1375 1950 haud
1412 1912 1494 1950 sine
1526 1912 1606 1950 veri
1637 1912 1766 1962 specie

288 1977 455 2017 eundem
496 1978 718 2017 Crateteum
765 1979 957 2017 nominari
1000 1980 1066 2018 tibi
1103 1980 1359 2030 persuadeas3
1403 1979 1592 2019 Zenodoti
1637 1984 1765 2019 autem

289 2037 477 2085 Mallotae
516 2046 751 2095 doctrinam,
793 2059 871 2096 qua
907 2047 955 2085 de
990 2060 1034 2086 re
1073 2047 1174 2086 infra
1215 2048 1468 2098 disseremus,
1509 2048 1558 2086 ad
1600 2049 1766 2087 Cratetis

291 2116 467 2165 proxime
497 2114 686 2154 accedere
718 2116 912 2153 neminem
944 2115 1055 2165 fugit.
1114 2116 1209 2155 Cum
1241 2116 1290 2154 ab
1322 2117 1459 2155 horum
1482 2117 1652 2155 virorum
1676 2116 1765 2156 doc-

402 2236 429 2276 1)
464 2235 567 2269 Hanc
599 2233 931 2278 interpunctionem
969 2234 1119 2278 praebet
1149 2234 1264 2269 codex
1295 2235 1635 2278 praestantissimus
1666 2236 1764 2270 Pari-

289 2291 390 2325 sinus
408 2292 455 2325 A.

377 2350 430 2389 μ’)
463 2347 616 2390 Legitur
649 2343 766 2390 συχνά
799 2356 843 2380 ex
876 2346 1090 2381 auctoritate
1124 2347 1288 2381 codicum
1314 2344 1429 2381 ABV
1454 2358 1519 2391 pro
1545 2348 1644 2392 vulg.
1670 2344 1764 2382 ἄλλα

289 2400 426 2446 πολλάς
458 2403 503 2438 cf.
528 2403 629 2438 Suid.
656 2413 683 2437 s.
701 2413 734 2437 v.
756 2399 957 2446 Δαμάστης
977 2399 1169 2447 Σιγειεύς;
1198 2401 1408 2447 Σαραπίων
1433 2403 1513 2438 alia.

402 2462 434 2503 3)
462 2458 571 2502 Wolf,
602 2459 767 2502 Prolegg.
794 2458 840 2492 ad
865 2458 966 2493 Hom.
994 2469 1028 2502 p.
1050 2460 1144 2501 19923
1185 2458 1426 2502 Graefenhan,
1458 2459 1675 2494 Geschichte
1700 2459 1764 2494 der

290 2516 401 2551 klass.
414 2515 543 2550 Philol.
557 2515 603 2548 im
617 2513 829 2549 Alterthum
844 2514 860 2547 I
878 2525 913 2558 p.
927 2518 1003 2559 419,
1024 2515 1058 2549 II
1076 2526 1111 2559 p.
1128 2519 1201 2559 12¹3
1226 2515 1420 2559 Wegener,
1438 2515 1492 2550 De
1506 2516 1589 2550 aula
1602 2515 1765 2550 Attalica

289 2585 323 2617 p.
345 2576 423 2617 1583
455 2572 595 2606 Heffter
618 2571 679 2605 l.1.
705 2581 739 2614 p.
760 2574 796 2614 23
831 2572 965 2615 Osann,
992 2572 1231 2613 Quaestiones
1255 2571 1358 2606 Hom.
1381 2572 1397 2606 I
1423 2583 1457 2616 p.
1479 2575 1528 2607 12.
1554 2575 1612 2615 133
1642 2571 1764 2615 Meier,

290 2631 437 2671 Quaest.
455 2628 598 2662 Andoc.
617 2626 669 2660 VI
693 2629 752 2669 (z
769 2627 861 2671 Opp.
880 2628 1038 2663 academ.
1056 2628 1090 2662 II
1115 2639 1150 2672 p.
1168 2630 1242 2671 51)3
1272 2627 1522 2671 Waehsmuth,
1546 2628 1602 2663 De
1619 2628 1763 2663 Cratete

289 2686 446 2727 Mallota‚
472 2685 574 2728 Lips.
595 2686 690 2726 1800,
715 2694 749 2726 p.
769 2686 805 2726 ὃς
835 2683 1024 2727 Schrader,
1048 2683 1240 2728 Porphyrii
1265 2688 1405 2728 quaest..
1422 2685 1524 2719 Hom.
1546 2684 1608 2719 rel.
1635 2695 1669 2728 p.
1686 2687 1763 2728 4313

290 2743 342 2776 La
358 2740 493 2784 Roche‚
519 2740 621 2774 Hom.
639 2738 821 2773 Textkrit.
846 2750 881 2783 p.
901 2743 957 2783 763
988 2740 1096 2775 Daub
1123 2741 1144 2774 l.
1167 2750 1196 2775 e.
1222 2751 1256 2784 p.
1278 2744 1336 2784 813
1369 2739 1502 2784 Christ,
1527 2739 1763 2775 Grieehische

290 2795 613 2841 Litteraturgesch.
638 2807 673 2839 p.
692 2798 754 2829 455
780 2794 939 2840 (Handb.
958 2796 990 2831 d.
1010 2795 1122 2831 klass.
1140 2794 1466 2833 Alterthumswiss.
1492 2797 1563 2833 vol.
1580 2795 1680 2842 VII).
