1830 3201
313 183 391 219 328

311 292 636 340 Aristophaneum
670 302 690 327 e
722 289 870 327 decimo
898 290 997 327 libro
1020 289 1265 338 Philippicon
1299 290 1473 327 hausisse
1505 292 1542 326 et
1570 291 1659 326 ante
1682 279 1780 325 ἀπέ-

312 359 420 395 θανε
445 360 481 396 111
505 358 724 406 fragmento
748 369 873 405 pauca
896 357 1103 394 excidisse:
1136 369 1273 405 nempe
1304 345 1392 393 Ιὑπὸ
1423 354 1514 393 τῶν
1540 347 1786 407 Ἀθήνηθεν

310 422 484 476 ἐχθρῶν
514 420 864 470 {mammaeam
903 424 1074 473 denique
1110 437 1180 473 pro
1211 415 1377 461 τούτου
1415 424 1665 462 scribendum
1705 435 1790 461 esse

311 483 447 531 οὗτοι.
509 492 622 540 Quod
656 505 788 530 verum
822 504 906 530 esse
941 492 1003 529 vel
1041 492 1186 530 clarius
1219 492 1345 530 elucet
1384 505 1404 529 e
1434 491 1511 529 fine
1549 491 1670 529 schol.
1702 492 1791 528 Pac·

312 564 387 600 681
422 562 443 598 l.
467 562 642 609 20—23,
673 572 774 609 quae
806 559 853 596 ad
879 559 1044 597 eundem
1068 560 1367 608 Theopompum
1399 559 1537 597 referri
1568 560 1642 597 iam
1675 570 1788 596 nemo

311 629 478 677 negabit.
537 628 689 675 Quibus
720 627 892 676 probatis
930 628 1052 665 oritur
1089 627 1261 676 suspicio
1300 626 1375 664 alia
1413 639 1571 676 quoque
1611 638 1712 676 quae
1752 627 1789 664 in

310 696 443 733 eodem
471 695 618 732 scholio
651 695 833 743 legantur
865 695 912 732 ab
935 694 1069 732 eodem
1093 694 1349 743 Theopompo
1383 693 1619 743 dependere,
1651 705 1791 742 nempe

309 764 331 799 l.
354 766 377 801 8
409 752 474 799 ὅτι
506 783 555 787 -
584 762 605 799 l.
631 765 679 800 17
712 754 1007 799 καταλύσειεν.
1061 761 1175 808 Quod
1207 760 1390 799 iudicium
1430 762 1596 799 maxima
1628 773 1647 798 e
1678 763 1790 810 parte

311 843 443 868 verum
477 842 562 868 esse
594 830 782 879 probatur
814 830 889 867 alio
922 829 1094 867 eiusdem
1118 829 1252 866 scholii
1276 829 1462 866 Lucianei
1494 829 1596 866 loeo:
1629 821 1717 865 ἔστι
1742 823 1788 864 δὲ

308 896 360 946 τῇ
390 888 576 949 ι’ἷληθεία
608 893 832 947 Χρέμητος
864 887 986 945 (υἱὸς)
1019 885 1077 941 (ὃς
1109 889 1372 946 Θεόπομπος
1403 890 1450 932 ἐν
1478 894 1543 946 τῷ
1573 892 1676 946 περὶ
1707 892 1785 946 Δη-

308 963 541 1016 μαγωγῶν.
604 966 674 1002 Ε51
705 967 833 1002 autem
856 960 928 1002 'hic
960 964 1060 1002 liber
1098 964 1145 1002 de
1178 964 1402 1013 demagogis
1441 964 1537 1001 1111111
1568 964 1675 1001 aliud
1716 964 1789 1001 nisi

310 1036 506 1082 postrema
542 1044 633 1081 pars
671 1032 758 1070 libri
796 1032 933 1070 decimi
970 1031 1219 1081 Philippicon
1252 1051 1305 1056 —
1338 1044 1414 1069 non
1454 1031 1501 1068 ab
1540 1031 1643 1068 omni
1680 1033 1790 1080 parte

312 1100 483 1138 dilucide
516 1099 563 1138 de
586 1101 659 1136 hac
681 1112 722 1137 re
753 1100 832 1148 egit
854 1099 1064 1137 Muellerus
1096 1099 1133 1146 (1.
1157 1112 1189 1136 a.
1210 1099 1227 1136 I
1255 1112 1292 1148 p.
1314 1097 1455 1144 LXXI)
1476 1118 1530 1123 —
1552 1111 1630 1147 qua
1663 1098 1791 1136 dema-

311 1181 500 1217 gogorum
520 1167 816 1204 Atheniensium
841 1167 995 1216 scripsit
1011 1167 1222 1215 historiam,
1245 1173 1286 1204 ut
1308 1167 1449 1204 Athen.
1472 1167 1537 1216 IV,
1565 1168 1638 1204 166
1658 1165 1681 1202 d
1704 1177 1791 1214 pro-

311 1237 391 1273 bat:
433 1228 697 1284 Θεόπομπος
734 1231 777 1271 δὲ
821 1230 869 1271 ἐν
904 1232 954 1283 τῇ
993 1227 1151 1283 δεκάτῃ
1186 1231 1278 1270 τῶν
1317 1231 1604 1270 Φιλιππικῶν
1643 1223 1715 1281 ἀφ’
1741 1220 1791 1282 ἧς

309 1314 423 1347 τινες
462 1296 514 1339 τὸ
552 1302 806 1340 τελευταῖον
842 1298 971 1353 μέρος
1008 1298 1276 1352 χωρίσαντες
1317 1297 1364 1338 ἐν
1399 1289 1435 1352 ᾧ
1473 1296 1561 1339 ἐστι
1601 1293 1655 1338 τὰ
1690 1296 1790 1350 περὶ

311 1361 514 1420 Ἀθήνησι
555 1366 828 1420 δημαγωγῶν
860 1399 867 1405 .
903 1399 910 1406 .
945 1368 1012 1415 ,37)
1053 1361 1281 1416 Εὔβουλός
1321 1376 1434 1420 φησι.
1497 1370 1574 1406 Iam
1614 1380 1699 1406 cum
1736 1369 1791 1405 vi-

314 1439 474 1475 deamus
512 1440 550 1475 et
581 1438 617 1474 111
650 1437 756 1474 1111110
795 1440 831 1475 61
862 1437 899 1474 111
933 1436 1007 1474 fine
1040 1438 1176 1475 scholii
1208 1437 1456 1487 Theopompi
1493 1437 1632 1474 librum
1661 1436 1695 1473 X
1727 1432 1791 1484 (de

312 1504 553 1554 demagogis)
590 1516 673 1542 esse
705 1507 949 1554 usurpatum,
987 1505 1031 1541 iis
1062 1507 1203 1554 autem,
1240 1516 1340 1553 quae
1377 1505 1414 1541 in
1453 1503 1579 1541 medio
1618 1503 1706 1551 sint,
1743 1502 1791 1539 de

312 1572 544 1621 (lcinagogia
566 1573 629 1620 agi
660 1571 892 1621 Hyperboli,
924 1572 1101 1621 cogimur
1133 1574 1174 1609 ut
1205 1571 1335 1608 omnia
1367 1570 1519 1608 decimo
1542 1570 1642 1608 libro
1664 1569 1790 1607 Theo-

311 1642 442 1689 pompi
486 1640 702 1678 tribuamus
745 1642 783 1677 et
824 1640 1039 1677 inseramus
1086 1644 1175 1677 ante
1216 1638 1287 1688 frg.
1322 1641 1410 1677 102.
1481 1639 1644 1676 Praeter
1685 1637 1791 1674 1111116

310 1709 333 1744 1.
358 1710 419 1746 18.
452 1710 499 1746 19
532 1707 804 1756 Thucydidem
839 1720 922 1745 esse
947 1707 1162 1745 adhibitum
1193 1707 1266 1744 iam
1300 1707 1480 1756 exposui3
1515 1718 1601 1744 nam
1634 1705 1738 1742 hune
1770 1717 1790 1742 e

310 1776 429 1813 verbo
472 1788 494 1812 a
530 1775 786 1824 Theopompo
828 1787 910 1812 esse
952 1775 1187 1823 exscriptum
1228 1777 1393 1823 propter
1430 1774 1657 1811 insolentius
1695 1771 1789 1809 illud

310 1835 511 1893 αἰσχύνης
546 1840 621 1893 τῆς
656 1835 825 1887 πόλεως
868 1843 973 1880 credi
1015 1855 1089 1880 non
1133 1844 1271 1891 potest,
1313 1841 1540 1890 praesertim
1584 1853 1668 1878 cum
1712 1851 1789 1877 non

309 1911 476 1948 alienum
510 1922 594 1948 6556
625 1922 647 1947 a
678 1910 974 1948 scholiastarum
1007 1910 1087 1947 sive
1111 1912 1285 1946 veterum
1309 1909 1650 1957 grammaticorum
1684 1918 1789 1944 more

310 1979 385 2015 iam
404 1978 614 2015 viderimus
637 1978 804 2027 plurium
825 1978 1040 2015 sententias
1064 1976 1317 2025 coniungere.
1360 1976 1420 2013 Ab
1443 1975 1576 2013 eodem
1600 1986 1790 2024 gramma-

310 2046 386 2082 1160
426 2058 502 2094 quo
542 2046 614 2082 hoc
651 2045 840 2082 scholium
879 2044 1035 2082 videtur
1072 2047 1196 2081 ortum
1237 2055 1322 2082 6556
1359 2043 1477 2081 561101.
1507 2043 1635 2092 Equit.
1666 2043 1788 2080 1304:

311 2102 449 2159 ὀξίδες
491 2101 516 2148 ἃ
553 2105 744 2149 ἐκάλουν
784 2101 1021 2159 ὀξυβάφεα·
1071 2104 1336 2160 λυχνοποιὸς
1377 2106 1422 2147 δὲ
1461 2098 1788 2159 ὁὙπέρβολος.

310 2170 416 2228 μετὰ
455 2175 499 2216 δὲ
543 2170 624 2230 τὴν
664 2169 899 2229 ἀποβολὴν
937 2177 1017 2216 τοῦ
1056 2174 1261 2223 Κλέωνος
1309 2167 1475 2222 εὐθέως
1520 2165 1791 2227 ὑπερέβαλεν

309 2235 419 2295 ὑπὲρ
441 2244 522 2283 τοῦ
540 2236 811 2297 (Υπερβόλου
842 2246 906 2293 ((16
928 2246 1068 2295 quibus
1101 2246 1147 2283 cf.
1173 2245 1401 2294 Meinekius,
1432 2245 1479 2282 H.
1503 2245 1586 2282 crit.
1617 2257 1653 2293 p.
1678 2241 1790 2288 190)·

310 2304 399 2363 μετ’
422 2304 559 2350 αὐτὸν
588 2305 669 2364 γὰρ
692 2305 1023 2360 ἐπολιτεύσατο,
1056 2314 1119 2351 ubi
1152 2313 1249 2350 nihil
1270 2313 1343 2350 nisi
1365 2316 1562 2362 postrema
1585 2310 1790 2359 sententia,

312 2394 331 2417 e
362 2381 615 2429 Theopompo
648 2381 787 2419 hausta
824 2383 906 2419 sive
938 2393 984 2419 ex
1018 2381 1140 2418 altero
1172 2381 1239 2417 illo
1271 2380 1420 2418 scholio
1451 2378 1629 2428 repetita.
1688 2378 1787 2415 Nam

313 2460 397 2484 eum
430 2448 546 2486 fuisse
578 2444 778 2499 κεραμέα,
816 2461 900 2486 cum
933 2461 974 2486 re
996 2460 1089 2485 vera
1121 2451 1223 2486 esset
1254 2439 1533 2496 λυχνοποιός,
1573 2444 1789 2483 inventioni

313 2516 477 2553 debetur
516 2515 718 2553 cuiusdam
757 2516 999 2565 grammatici
1037 2511 1182 2561 (τινές)
1221 2514 1428 2552 verborum
1462 2516 1601 2562 poetae
1641 2511 1788 2560 (quam-

313 2595 427 2629 quam
461 2583 569 2631 falso,
600 2582 647 2619 ef.
674 2583 851 2620 Kockius
885 2583 931 2619 ad
962 2583 997 2620 h.
1020 2581 1069 2627 v.)
1103 2581 1427 2631 explicandorum
1449 2580 1576 2629 gratia
1598 2579 1788 2628 prolatae,

425 2679 467 2717 37)
497 2678 644 2711 Hiatum
670 2678 706 2711 in
725 2679 842 2712 codic.
868 2681 1014 2712 exstare
1039 2677 1183 2711 notavit
1199 2677 1407 2720 Kaibelius3
1432 2675 1494 2719 qui
1520 2674 1701 2718 quomodo
1726 2683 1788 2708 ex-

314 2733 470 2775 plendus
496 2734 544 2766 sit
574 2734 645 2766 dici
670 2744 743 2766 non
768 2738 906 2777 potest:
944 2744 1074 2767 sensus
1106 2733 1309 2776 exquiritur
1342 2732 1418 2766 hic:
1454 2730 1623 2775 „proprio
1657 2733 1789 2763 ornant

313 2788 452 2821 titulo“.
485 2787 537 2822 Cf.
556 2788 759 2832 Pflugffius,
778 2789 830 2822 De
849 2788 986 2832 Theop.
999 2788 1082 2833 Chii
1100 2789 1177 2821 vita
1194 2791 1230 2821 61
1251 2787 1406 2831 scriptis,
1427 2786 1542 2821 Berol.
1561 2788 1656 2827 1827,
1675 2796 1707 2828 p.
1728 2787 1787 2819 40.
