1815 3231
150 853 369 927 Permulta
390 888 462 925 iam
487 887 534 925 de
558 888 602 924 iis
625 888 785 925 scholiis
802 888 1114 937 Aristophanem,
1137 889 1276 938 quibus
1300 902 1361 927 res
1383 892 1515 936 gestae

39 960 262 1004 narrantur,
296 956 356 993 hic
387 955 465 993 illic
498 956 642 1005 scripta
665 960 765 1004 sunt,
797 969 881 993 rum
916 962 953 994 et
974 957 1010 1004 ii,
1042 958 1105 1005 qui
1136 958 1374 995 Graecorum
1402 958 1516 995 histo-

37 1026 133 1063 riam
164 1029 481 1074 composuerunt,
518 1027 556 1062 et
587 1025 621 1074 ii,
659 1027 724 1073 qui
764 1025 982 1073 fragmenta
1016 1026 1287 1063 historiCorum
1327 1025 1364 1062 in
1400 1038 1516 1063 unum

38 1095 336 1142 congesserunt,
369 1093 558 1141 multique
581 1093 643 1129 alii
673 1105 852 1141 magnam
878 1104 1009 1129 eorum
1033 1095 1181 1141 partem
1210 1094 1245 1129 in
1272 1105 1380 1130 usum
1406 1104 1516 1129 suuni

38 1163 331 1209 converterent3
363 1161 431 1198 sed
460 1161 713 1197 nihilominus
746 1172 889 1208 operae
914 1161 1079 1209 pretium
1104 1160 1260 1198 videtur
1291 1173 1337 1198 ea
1370 1173 1444 1197 non
1479 1163 1520 1196 ut

38 1228 120 1267 fere
151 1229 269 1267 fiebat
305 1230 463 1278 singula
499 1229 567 1267 sed
601 1230 729 1266 omnia
767 1233 805 1266 et
842 1230 953 1277 quasi
995 1242 1041 1266 ex
1075 1242 1150 1266 uno
1184 1232 1396 1277 conspectu
1436 1240 1521 1275 per-

39 1298 206 1335 lustrata
247 1300 285 1335 in
327 1296 630 1345 disputationem
674 1308 871 1345 revocare,
915 1310 959 1334 eo
1001 1297 1176 1344 consilio,
1219 1300 1258 1333 ut
1298 1296 1520 1344 praecipue,

39 1366 180 1414 quibus
204 1378 250 1403 ex
274 1365 449 1404 fontibus
481 1365 684 1403 hauserint
715 1369 868 1403 veteres
898 1365 1133 1413 interpretes
1166 1376 1294 1402 rerum
1324 1366 1519 1411 gestarum

39 1433 297 1482 narrationes,
329 1445 567 1482 quaeramus
599 1433 795 1482 simulque
827 1444 1102 1481 quaecumque
1133 1431 1182 1468 ad
1211 1444 1256 1468 ea
1279 1430 1522 1468 emendanda

39 1504 107 1538 aut
138 1502 285 1538 rectius
316 1501 529 1539 iudicanda
559 1502 701 1538 afferre
738 1512 958 1549 possumus,
996 1501 1216 1537 afferamus.
1276 1499 1523 1536 Disscremus

39 1568 170 1616 igitur,
203 1571 245 1606 ut
276 1569 433 1617 planius
466 1568 604 1613 dicam⁷
636 1569 683 1606 de
715 1568 870 1606 scholiis
902 1567 958 1616 iis,
991 1567 1132 1615 quibus
1162 1578 1291 1604 rerum
1323 1566 1370 1603 ab
1402 1565 1520 1603 Athe-

40 1636 242 1674 niensibus
281 1637 448 1685 aliisque
485 1636 642 1686 populis
686 1635 787 1673 domi
827 1636 999 1684 bellique
1037 1638 1235 1684 gest-arum
1277 1633 1522 1670 narrationes

41 1704 306 1752 continentur,
337 1704 491 1741 omissis
523 1707 560 1741 et
583 1704 637 1750 iis,
669 1704 813 1752 quibus
845 1702 893 1739 dc
925 1702 1040 1739 rebus
1074 1701 1252 1750 mythicis
1284 1704 1350 1737 aut
1382 1699 1522 1736 divinis

41 1783 167 1808 sermo
206 1771 260 1820 fit,
299 1783 465 1820 quorum
503 1771 673 1820 aliquam
712 1774 861 1818 partem
904 1769 1087 1806 tractavit
1123 1770 1164 1806 P.
1192 1768 1410 1815 Stcngelius
1447 1766 1522 1803 ‘Ad

42 1851 104 1876 res
137 1851 267 1877 sacras
299 1838 596 1887 cognoscendas
634 1838 835 1876 cuiusnam
868 1837 1049 1874 momenti
1087 1837 1164 1874 sint
1201 1836 1346 1873 scholia
1378 1835 1526 1872 Aristo-

42 1906 213 1954 phanea'
246 1907 283 1943 in
317 1905 488 1954 symbol.
516 1905 736 1944 Ioacliimic.
768 1905 935 1942 Berolin.
962 1908 1078 1949 1880,
1111 1908 1148 1940 et
1179 1904 1237 1950 iis,
1274 1903 1415 1951 quibus
1447 1901 1525 1950 agi-

42 1976 107 2010 tur
138 1973 186 2011 de
220 1973 273 2012 rei
296 1974 477 2022 publicae
509 1977 612 2012 statu
645 1978 682 2010 et
714 1973 912 2017 institutis,
950 1972 996 2008 de
1028 1971 1168 2020 quibus
1201 1970 1272 2008 uisi
1306 1971 1526 2018 Harpocra-

42 2041 158 2078 tionis
191 2046 229 2079 et
259 2042 430 2080 Pollucis
461 2042 595 2079 lexicis
627 2041 921 2089 diligentissime
951 2039 1136 2076 adhibitis
1168 2042 1315 2075 certum
1340 2037 1524 2074 iudicium

43 2108 127 2146 fieri
169 2122 247 2146 non
288 2112 428 2158 potest.
495 2108 571 2146 Sed
614 2109 840 2157 priusquam
887 2107 934 2144 ad
979 2110 1252 2154 argumentum
1294 2104 1528 2150 accedimus,

45 2178 187 2213 natura
208 2177 263 2213 rei
288 2177 372 2226 ipsa
394 2177 576 2226 exigitur7
609 2180 651 2214 ut
677 2188 792 2224 quam
817 2173 1060 2222 paucissimis
1088 2173 1285 2210 historiam
1309 2171 1526 2208 studiorum

45 2245 221 2281 veterum
244 2244 586 2292 grammaticorum
616 2243 653 2279 in
677 2241 940 2290 Aristophane
963 2238 1256 2288 interpretando
1281 2241 1528 2286 consumpto-

45 2321 128 2347 rum
162 2310 437 2349 adumbremus
475 2314 512 2348 et
544 2310 591 2348 de
623 2308 850 2347 auctoribus
882 2320 1016 2345 eorum
1051 2307 1305 2354 scholiorum,
1343 2317 1442 2354 quae
1481 2303 1529 2340 ad

45 2389 118 2415 nos
150 2381 341 2427 spectant,
379 2390 541 2427 agamus
580 2378 642 2415 vel
682 2377 823 2426 potius,
861 2387 945 2412 cum
987 2374 1196 2423 Didymum
1235 2374 1380 2422 primas
1416 2373 1453 2409 in
1486 2372 1530 2408 iis

47 2457 166 2494 agere
197 2449 329 2494 partes
366 2446 493 2483 statim
525 2444 738 2488 videamus⁷
777 2455 877 2492 quae
907 2441 955 2478 ad
989 2453 1077 2478 eum
1109 2451 1175 2478 aut
1206 2444 1312 2478 certo
1345 2442 1411 2476 aut
1442 2450 1528 2476 cum

48 2512 322 2561 probabilitate
354 2512 524 2562 quadam
558 2511 696 2549 referri
729 2511 880 2559 possint
912 2520 1161 2557 quaeramus.

160 2579 239 2616 Iam
271 2583 424 2617 veteres
455 2580 557 2617 enim
594 2577 833 2626 grammatici
867 2575 1124 2614 Alexandrini
1162 2574 1414 2622 Lycophron,
1452 2573 1530 2609 Eu-

48 2646 250 2694 phroniuS,
286 2645 580 2694 Eratosthenes,
617 2644 874 2690 Callistratus,
907 2642 1206 2691 Aristophanes,
1237 2638 1533 2680 Aristarchus¹l

164 2755 189 2793 ¹)
225 2752 279 2786 De
305 2752 358 2786 his
383 2751 626 2796 grammaticis
660 2751 703 2785 cs.
731 2752 770 2784 ί).
795 2749 1001 2791 Schneider,
1036 2748 1090 2782 De
1118 2752 1189 2781 vet.
1219 2747 1253 2780 in
1279 2746 1393 2781 Arist-
1424 2745 1536 2779 schol.

50 2806 189 2850 fontib.‚
214 2808 373 2842 Sundiae
397 2811 490 2851 1338,
516 2808 557 2852 ἕξ
577 2810 720 2850 27sqq‚‚
748 2806 851 2839 cuius
871 2805 1053 2838 sententia
1078 2814 1148 2836 non
1169 2804 1202 2836 in
1223 2812 1294 2836 una
1312 2812 1348 2835 re
1374 2805 1535 2835 correcta

1275 2869 1334 2901 15*
