1830 3201
268 172 344 207 176

264 279 354 327 ξεσι
385 278 610 317 adscribere
643 291 720 317 non
753 277 899 328 dubito,
930 278 1001 316 etsi
1032 274 1248 327 γλωσσῶν
1278 279 1422 318 mentio
1454 279 1511 324 fit;
1542 291 1670 328 neque
1701 279 1744 317 ti-

264 347 367 385 tulos
399 341 574 383 ἐθνικαὶ
607 341 743 394 λέξεις
773 348 810 383 et
841 342 1032 395 γλῶσσαι
1064 344 1112 382 ad
1135 344 1301 382 eundem
1324 345 1464 383 librum
1495 346 1623 384 redire
1655 359 1745 385 con·

265 412 409 460 cedo.¹)
459 414 584 451 Aliter
605 413 706 452 hanc
728 413 998 463 quaestionem
1020 413 1175 450 solvere
1197 414 1360 450 conatus
1383 415 1442 451 est
1462 411 1746 472 Schmidtius2)‚

265 482 330 532 qui
362 481 513 519 censuit
544 480 733 520 Zenodoti
763 481 916 529 librum,
947 480 1009 518 cui
1030 480 1297 529 praescriptus
1318 479 1436 519 fuerit
1456 481 1592 519 titulus
1612 479 1745 530 γλῶσ-

268 556 352 595 σαι,
384 548 551 586 divisum
581 547 702 587 fuisse
733 549 772 586 in
804 550 884 586 tres
915 549 1061 596 partes,
1092 547 1256 596 primam
1279 547 1524 586 exhibentem
1548 540 1746 598 γλώσσας

259 607 501 667 Ὁμηρικάς,
524 615 689 653 alteram
713 607 896 659 ἐθνικὰς
914 609 1060 663 λέξεις,
1082 613 1236 652 tertiam
1260 606 1389 663 ζώων
1405 607 1569 662 φωνάς.
1621 615 1744 663 Quam

265 684 530 722 coniecturam
572 682 672 720 male
711 694 753 720 se
784 682 930 720 habere
972 684 1147 730 apparet.
1207 682 1321 720 Falso
1365 682 1465 720 enim
1506 682 1642 721 statuit
1681 683 1746 722 ille

267 752 324 789 vir
345 751 483 789 doctus
514 753 594 788 tres
615 752 762 799 partes„
793 760 891 798 quas
916 748 985 787 sibi
1010 748 1132 797 finxit,
1163 749 1251 786 libri
1278 748 1327 786 ad
1350 750 1589 788 Zenodotum
1611 751 1746 789 Mallo-

265 823 343 858 tam
365 817 600 856 referendas
623 828 720 866 esse,
749 828 833 853 cum
856 814 1059 865 γλῶσσαι,
1089 828 1187 865 quas
1205 805 1431 867 Ὁμηρικίις
1453 816 1573 856 fuisse
1599 817 1748 869 nego3),

266 885 541 926 attribuendae
572 885 650 922 sint
680 883 880 922 Zenodoto
912 880 1137 933 Ephesio4),
1172 895 1313 929 „voces
1344 883 1591 922 animalium“
1627 886 1748 924 Zeno-

266 956 358 994 doto
390 951 671 1001 miletam-05),
712 945 888 987 ἐθνικαὶ
925 946 1059 999 λέξεις
1099 950 1282 989 Mallotae
1324 954 1391 988 aut
1430 942 1745 993 Alexandrinofi)

266 1025 355 1062 Iure
388 1021 508 1070 igitur
540 1019 810 1057 contendimus
848 1018 1045 1056 exstitisse
1077 1018 1215 1056 librum
1248 1018 1511 1057 Zenodoteum
1549 1019 1745 1059 diversum

266 1104 289 1129 a
324 1086 509 1138 „glossis“
554 1087 625 1124 sub
667 1086 780 1124 titulo
820 1080 996 1121 ἐθνικαὶ
1033 1080 1179 1133 λέξεις,
1221 1085 1259 1122 in
1296 1097 1373 1135 quo
1415 1087 1595 1135 exposita
1634 1091 1748 1126 erant

268 1158 391 1196 verba
422 1154 656 1205 quibusdam
689 1152 918 1202 regionibus
949 1153 1072 1201 magis
1102 1152 1362 1202 peculiaria,7)
1395 1156 1433 1191 et
1463 1153 1566 1204 inde,
1597 1158 1639 1193 ut
1669 1168 1747 1194 non

267 1226 442 1264 dicamus
474 1222 522 1260 de
553 1222 637 1260 loco
669 1234 730 1271 ap.
758 1221 900 1258 Athen.
932 1233 969 1269 p.
998 1223 1077 1259 327
1093 1220 1136 1269 B,
1176 1220 1348 1258 scholion
1386 1220 1434 1258 ad
1466 1222 1592 1271 Apoll.
1620 1219 1748 1261 Rhod.

268 1293 303 1330 Π
328 1292 434 1330 1005
466 1289 636 1328 fluxisse.

379 1359 558 1397 Transeo
590 1367 697 1394 nunc
728 1354 777 1392 ad
809 1354 976 1403 singula.
1035 1355 1127 1403 Egit
1146 1354 1370 1393 Zenodotus
1401 1355 1550 1394 Galeno
1577 1359 1678 1395 teste
1708 1357 1748 1395 in

270 1426 383 1475 libro,
410 1425 476 1475 qui
496 1424 708 1472 inscriptus
730 1424 814 1460 erat
835 1416 1012 1458 ἐθνικαὶ
1036 1417 1183 1469 λέξεις,
1212 1422 1260 1460 de
1281 1434 1378 1460 voce
1399 1418 1555 1472 πέζα.8)
1616 1423 1747 1471 Quod-

266 1495 297 1532 si
338 1493 472 1532 docuit
513 1490 689 1530 Arcades
727 1494 765 1528 et
802 1489 1019 1527 Dorienses
1059 1489 1132 1526 hae
1168 1490 1310 1527 vocula
1348 1489 1556 1539 designare
1596 1491 1748 1541 pedem,

267 1561 381 1599 facile
423 1559 614 1610 quispiam
656 1559 695 1595 in
735 1569 818 1595 eam
860 1557 1091 1594 sententiam
1132 1557 1334 1595 incurrere
1374 1558 1515 1607 possit,
1556 1561 1598 1596 ut
1637 1561 1749 1608 putet

267 1628 467 1667 Zenodoto
505 1626 661 1676 quidem
698 1627 798 1662 teste
834 1637 905 1673 pro
936 1616 1051 1668 πούς
1088 1625 1127 1661 in
1165 1636 1238 1662 usu
1277 1620 1399 1663 fuisse
1435 1625 1540 1675 apud
1571 1625 1747 1664 Arcades

270 1700 307 1736 et
337 1696 552 1735 Dorienses
582 1693 743 1732 verbum
774 1687 896 1739 πέζα.
957 1691 1033 1729 Sed
1064 1692 1094 1729 si
1126 1692 1246 1729 totius
1268 1692 1354 1742 loci,
1386 1705 1499 1742 quem
1531 1705 1652 1743 supra
1682 1705 1748 1732 ex-

268 1765 483 1815 posuimus,
514 1762 746 1801 sententiam
786 1760 960 1810 respicis,
1000 1759 1109 1797 aliter
1145 1759 1295 1798 iudices
1336 1772 1496 1798 necesse
1533 1764 1601 1799 est.
1660 1762 1748 1799 Huc

268 1834 419 1874 accedit
460 1833 566 1884 quod
597 1833 810 1872 Dorienses
842 1831 997 1881 quidem
1035 1844 1132 1870 voce
1162 1823 1277 1876 πούς
1312 1831 1375 1869 vel
1410 1831 1541 1880 potius
1576 1824 1671 1875 πώς
1710 1833 1748 1868 et

268 1895 355 1953 πόρ
388 1914 478 1941 usos
511 1914 596 1940 esse
627 1900 789 1940 tradidit
819 1898 1088 1949 Hesychius.‘·³)
1148 1900 1270 1937 Immo
1298 1911 1391 1937 vero
1421 1898 1645 1938 Zenodotus
1676 1900 1747 1938 Ar-

270 1970 408 2009 cadum
441 1972 479 2008 et
510 1968 759 2008 Doriensium
791 1967 1117 2007 consuetudinem
1140 1965 1295 2005 dicendi
1318 1967 1558 2016 peculiarem
1588 1967 1748 2015 notavit,

381 2114 409 2156 ¹)
442 2111 497 2147 Of.
523 2111 762 2155 Sengebusch
787 2110 848 2145 1.1.
874 2120 907 2153 p.
933 2112 991 2143 23:
1038 2107 1096 2149 „A
1129 2109 1310 2153 glossario
1343 2108 1627 2153 distinguendae
1661 2112 1748 2144 sunt

269 2169 444 2205 Zenodoti
478 2168 604 2203 neseio
629 2168 734 2202 euius
768 2163 921 2202 ἐθνικαὶ
952 2162 1084 2210 λέξεις,
1117 2176 1210 2210 quae
1235 2175 1290 2209 ap.
1314 2164 1438 2209 Apoll.
1463 2168 1539 2199 τῶν
1563 2167 1748 2209 γλωσσῶν

269 2226 376 2260 titulo
402 2225 672 2269 designantur.·⁴
696 2244 738 2249 ——
764 2224 853 2258 Rem
879 2223 1051 2257 incertam
1077 2232 1158 2257 esse
1184 2221 1278 2260 dixit
1301 2222 1482 2266 Pluygers
1507 2233 1541 2266 p.
1563 2225 1613 2257 10.

381 2284 410 2326 2)
444 2280 656 2316 Zeitschrift
674 2279 731 2314 fiir
749 2280 809 2315 die
824 2279 1152 2315 Alterthumswiss.
1174 2281 1269 2321 1555,
1295 2289 1329 2322 p.
1349 2280 1421 2313 253.
1448 2297 1490 2302 —
1516 2276 1570 2313 Cf.
1597 2277 1746 2322 Merkel,

269 2335 394 2382 Apoll.
418 2338 536 2373 Rhod.
562 2349 596 2382 p.
619 2340 690 2371 147.

381 2396 410 2438 ³)
443 2393 497 2429 Cf.
524 2394 570 2428 de
594 2393 661 2428 hac
686 2403 735 2436 re,
761 2402 854 2436 quae
879 2390 976 2426 infra
1000 2391 1174 2426 dicemus.

382 2453 410 2493 ²¹)
439 2451 481 2485 In
506 2453 609 2494 parte
635 2450 762 2494 quinta
788 2450 832 2483 de
857 2450 1044 2493 γλωσσῶν
1068 2451 1216 2482 auctore
1241 2446 1501 2491 disputabitur.

382 2509 411 2548 5)
442 2506 497 2541 Cf.
522 2517 555 2550 p.
578 2509 648 2541 183.
786 2507 815 2549 G)
850 2503 906 2540 Cf.
931 2516 964 2549 p.
986 2507 1059 2539 180.

383 2565 410 2605 ⁷)
442 2563 716 2606 Quossconcesso
742 2562 860 2596 elucet
885 2562 1070 2596 Osannum
1087 2561 1103 2594 Ι
1128 2571 1162 2604 p.
1182 2564 1210 2594 6.
1231 2563 1247 2593 7
1273 2557 1366 2593 falso
1383 2559 1624 2603 adscripsisse
1643 2559 1747 2604 libro,

271 2620 315 2654 de
333 2630 406 2664 quo
423 2619 575 2663 agimus,
598 2617 708 2652 schol.
727 2618 773 2652 ad
791 2617 943 2652 Theoer.
961 2617 997 2651 II
1015 2620 1053 2660 ὃς
1077 2615 1180 2651 Phot.
1198 2626 1225 2650 s.
1240 2626 1273 2650 v.
1289 2614 1408 2658 μίνθα
1427 2616 1474 2659 [p.
1494 2616 1584 2660 169]3
1609 2614 1746 2650 Athen.

271 2687 305 2719 p.
324 2679 387 2711 478
402 2676 449 2719 E3
475 2674 585 2710 schol.
611 2674 657 2708 ad
684 2673 749 2708 Od.
767 2685 789 2717 γ
807 2676 882 2708 444.

383 2734 413 2775 8)
447 2730 503 2766 Cf.
528 2731 716 2765 Duentzer
741 2740 773 2773 p.
795 2733 852 2768 29:
878 2728 1110 2765 Graefenhan
1136 2728 1151 2761 I
1177 2739 1211 2771 p.
1230 2730 1306 2762 430.

384 2789 413 2831 ⁴³)
445 2799 470 2822 s.
489 2799 523 2822 v.
539 2784 637 2830 πώςς
663 2797 690 2821 s.
708 2797 741 2821 v.
758 2783 845 2829 πάρ.
