1815 3231
1463 179 1541 216 287

56 290 295 341 probandam
329 292 441 328 affert
478 293 633 340 practer
667 292 770 328 hunc
800 291 927 328 locum
958 291 1085 328 Thuc.
1114 292 1178 336 ΙΙΙ,
1206 295 1295 339 115,
1329 293 1391 337 lV,
1416 294 1465 330 65
1491 308 1541 321 ἶ

56 359 153 396 Phil.
182 359 257 407 frg.
282 362 359 398 10-1-
391 360 528 403 (schol.
551 360 616 397 Ar.
642 361 754 409 Vesp.
779 358 893 408 240),
923 360 1050 398 Tliuc.
1081 361 1144 406 IV,
1173 363 1250 398 120
1272 376 1323 388 =
1350 360 1449 398 Phil.
1471 360 1541 409 frg.

59 430 134 466 107
172 426 310 474 (schol.
339 427 405 465 Ar.
430 429 544 476 Vesp.
575 426 687 473 21o);
731 427 856 465 Thuc.
881 429 922 475 V,
955 430 1127 466 17——19
1158 444 1209 457 z
1241 428 1337 465 l'hil.
1366 428 1438 476 srg.
1467 432 1542 467 los

54 495 194 541 (schol.
215 496 305 533 Pae.
327 494 436 541 466).
496 495 572 534 Sed
605 496 670 544 qui
704 496 773 533 hos
796 496 911 541 locos,
945 499 1102 544 praeter
1125 508 1224 545 quos
1257 496 1354 534 alios
1386 510 1462 535 non
1487 497 1543 533 in-

55 565 156 614 veni,
186 565 408 602 accuratius
440 564 680 613 tractaverit,
712 576 792 601 rem
824 564 939 602 aliter
971 576 1013 601 se
1046 564 1190 603 habere
1224 565 1381 603 videbit.
1440 566 1540 603 Nam

54 636 122 670 aut
151 633 228 670 huc
259 633 417 670 omnino
450 645 527 670 non
560 632 709 670 cadunt
740 635 782 670 ut
812 632 932 670 schol.
956 634 1046 670 Pac.
1069 635 1161 678 466,
1195 633 1259 671 ubi
1293 645 1379 671 cum
1413 633 1461 671 dc
1483 646 1539 671 so-

54 701 120 738 ciis
157 701 348 749 pactionis
386 700 640 750 participibus
679 702 819 748 agatur
857 713 934 738 non
975 701 1178 739 miraberis
1217 701 1322 750 quod
1362 702 1463 739 inter
1500 714 1542 739 sc

54 772 280 818 congruunt
316 769 510 817 historici,
548 771 617 806 aut
655 769 708 805 ita
745 771 836 805 sunt
875 768 1101 816 comparati,
1142 771 1183 806 ut
1220 781 1282 806 res
1320 782 1340 806 e
1377 769 1542 807 diversis

52 837 245 885 capitibus
276 836 415 885 petitas
448 836 512 873 vix
544 836 628 873 aliis
657 835 861 874 vocabulis
892 836 1067 884 potuerit
1100 836 1300 874 nominare
1332 837 1540 875 Philocho-

53 916 131 950 ruS,
169 916 380 953 numquam
419 906 476 941 tot
506 905 628 942 verba
660 904 929 953 transscripsit
965 906 1062 952 quot
1103 904 1164 942 hic
1195 905 1542 953 transscripsisset.

52 972 217 1010 Accedit
255 971 371 1010 aliud.
432 973 571 1020 Neque
610 971 710 1009 enim
750 973 845 1020 puto
883 971 1163 1009 Philochorum
1202 972 1406 1010 obscurius
1444 973 1539 1010 illud

52 1029 267 1092 ὁμολογίᾳ
287 1035 590 1076 καθίστασθαι
613 1036 828 1087 (pactione
853 1033 1120 1086 constituere’,
1143 1038 1190 1076 cf.
1212 1040 1539 1088 Poppo-Stahlius

51 1107 101 1147 ad
135 1108 170 1146 h.
201 1106 240 1154 l.)
272 1121 295 1146 a
316 1106 554 1156 Thucydide
575 1107 903 1156 transscripsisse,
934 1106 1001 1145 scd
1034 1107 1166 1156 paullo
1188 1108 1414 1145 accuratius
1446 1108 1539 1157 quid

52 1176 181 1214 dicere
204 1176 325 1213 vellet
357 1176 598 1224 exposuisse,
630 1177 672 1212 ut
703 1174 796 1212 feeit
823 1174 1021 1212 Diodorus
1044 1174 1271 1224 (Ephorus),
1303 1188 1389 1213 eum
1424 1176 1541 1214 habet

51 1245 124 1282 XII
158 1256 243 1294 cap.
268 1247 308 1282 7:
340 1236 417 1288 τας
449 1239 494 1280 δὲ
526 1234 661 1288 ἄλλας
682 1235 864 1290 (πόλεις)
896 1235 1288 1293 καταπληξιᾴα-ιός
1319 1233 1535 1294 ἠνάγκασε

50 1305 186 1350 πάλιν
216 1311 477 1361 πειθαρχεῖν
508 1301 766 1362 Ἀθηναίοις,
799 1311 941 1360 quibus
971 1312 1151 1349 omnibus
1173 1312 1291 1350 rebus
1324 1314 1538 1350 commotus

51 1380 231 1430 equidem
264 1381 484 1430 putaverim
523 1391 675 1418 errasse
708 1379 782 1417 hoc
812 1379 897 1418 loco
930 1380 1176 1417 scholiastam
1215 1380 1439 1418 Philochori
1472 1392 1539 1418 no-

52 1461 137 1486 men
175 1461 246 1498 pro
278 1447 512 1497 Thucydide
553 1446 879 1496 exp011e11tem.¹5)
940 1447 1055 1494 Quod
1094 1460 1229 1486 verum
1269 1460 1354 1486 esse
1390 1448 1467 1485 alia
1497 1460 1539 1486 rc

50 1516 253 1566 probatur.
311 1515 419 1554 Solet
451 1515 551 1553 euim
583 1515 856 1560 Philochorus,
889 1518 932 1553 ut
961 1517 1101 1564 postea
1128 1515 1362 1565 videbimus,
1393 1516 1446 1554 ita
1476 1527 1539 1554 res

50 1586 183 1634 gestas
205 1584 399 1633 digerere,
430 1586 472 1621 ut
494 1595 571 1633 quo
595 1595 777 1633 quaeque
799 1583 989 1621 archonte
1012 1582 1115 1621 facta
1139 1583 1187 1621 sit
1214 1585 1401 1633 exponat3
1435 1583 1540 1633 quod

51 1664 137 1690 eum
176 1663 305 1701 neque
335 1651 563 1689 historicum
596 1651 723 1700 ipsum
762 1651 825 1688 hic
856 1651 1091 1689 omissurum
1125 1650 1246 1688 fuisse
1279 1650 1436 1689 credam
1475 1664 1540 1690 ne-

51 1732 127 1770 que
159 1720 466 1769 grammaticum,
505 1719 679 1768 alioquin
712 1719 857 1757 bonum
889 1721 927 1756 et
957 1721 1198 1767 accuratum,
1234 1719 1297 1757 vel
1330 1722 1541 1768 propterea

50 1787 288 1826 Philochoro
322 1788 394 1826 hoc
425 1787 688 1836 fragmentum
721 1798 806 1825 esse
837 1786 1141 1825 abiudieandum
1181 1785 1344 1836 puto.¹⁶)
1404 1789 1541 1826 Restat

50 1859 93 1895 ut
124 1856 173 1894 de
205 1855 488 1893 mutationibus
519 1855 593 1893 loci
625 1854 874 1903 Thucydidei
906 1854 944 1892 in
977 1854 1125 1892 scholio
1161 1854 1269 1891 allati
1301 1854 1438 1904 dicam,
1476 1855 1539 1894 ubi

49 1919 394 1973 ἑξοικισθέντωυ
423 1922 721 1961 anteferendum
745 1934 831 1961 esse
863 1923 1053 1972 probatur
1081 1922 1328 1971 Thucydidis
1350 1917 1539 1972 loquendi

51 1990 200 2039 usu¹⁷);
237 1986 310 2029 ἐπὶ
341 1994 473 2029 autem
505 1991 595 2030 inde
627 1991 664 2029 in
697 1993 844 2029 textum
876 1991 1036 2039 irrepsit
1074 1990 1179 2039 quod
1211 1991 1264 2028 ita
1295 1992 1535 2030 constructio

50 2061 183 2110 paullo
222 2060 364 2098 clarior
400 2058 460 2097 fit:
502 2060 647 2097 rectius
685 2058 822 2097 deesse
859 2058 1093 2107 particulam
1130 2057 1320 2106 probatur
1357 2058 1484 2097 Thuc.
1511 2059 1541 2107 I,

51 2131 115 2175 29,
138 2131 161 2167 5
192 2120 565 2178 παραστήσασθαι
597 2116 823 2179 ὁμολογίᾳ,
856 2126 924 2176 ΙΙΙ,
949 2129 1012 2175 28,
1036 2130 1070 2165 3.
1103 2128 1165 2174 35,
1189 2129 1211 2165 2
1244 2122 1488 2164 καθίστατο
1513 2115 1536 2176 ᾗ

49 2186 173 2247 αύτῷ
205 2188 363 2234 ἐδόκει.

166 2261 232 2310 11)
274 2263 403 2302 Schol.
432 2264 522 2300 Pac.
551 2265 630 2301 273
663 2262 686 2299 Ι.
713 2264 778 2301 43.
812 2264 881 2300 44:
923 2250 982 2306 (ὃς
1013 2256 1158 2298 αἴτιοι)
1190 2257 1235 2298 δὲ
1265 2253 1403 2298 ccii-cdv
1443 2262 1539 2306 (scil,

51 2330 249 2379 Cleonem)
287 2328 368 2369 τοῦ
401 2326 600 2380 πολέμου
638 2320 863 2377 διαβάλλει
900 2320 964 2374 (ὃς
1002 2326 1071 2366 καὶ
1110 2325 1384 2380 Θουκυδίδης
1423 2324 1538 2368 ἱστο-

163 2442 205 2481 15)
239 2439 340 2474 Talis
366 2439 498 2474 erroris
524 2443 565 2473 ut
589 2438 740 2472 arduum
766 2441 823 2472 est
858 2437 990 2472 bonum
1016 2440 1201 2471 auctorem
1234 2436 1454 2480 insimulare,
1488 2437 1539 2472 ita

49 2496 284 2540 grammatico
305 2495 511 2539 complures
529 2495 640 2529 libros
658 2504 739 2528 cum
757 2494 889 2538 poetae
908 2493 1019 2527 verba
1041 2494 1343 2537 interpretaretur
1361 2493 1537 2535 volventi,

50 2553 145 2587 inter
169 2562 262 2596 quos
289 2555 392 2585 erant
416 2556 452 2585 et
468 2550 709 2594 Thucydides
728 2554 764 2584 et
780 2549 1033 2592 Philochorus,
1058 2549 1181 2592 potuit
1197 2549 1375 2592 accidere,
1401 2549 1537 2593 quippe

49 2619 155 2653 quem
183 2608 330 2652 saepius
356 2607 558 2642 viderimus
584 2607 823 2650 neglegenter
848 2610 1026 2649 agentem.

163 2666 206 2707 1⁶)
237 2664 341 2706 Quod
367 2664 575 2698 dubitanter
599 2663 669 2697 iam
694 2663 889 2707 proposuit
912 2662 1074 2697 Stahlius
1099 2662 1146 2696 ad
1171 2662 1204 2697 h.
1221 2663 1254 2704 l.‚
1281 2672 1362 2696 cum
1389 2663 1447 2697 vel
1472 2673 1534 2697 no-

50 2721 198 2756 vissime
216 2720 328 2755 verba
345 2730 426 2755 esse
443 2719 650 2755 Philochori
676 2722 822 2763 putaret
845 2718 1061 2762 Schoellius‚
1088 2718 1340 2763 Sitzungsber.
1359 2718 1392 2753 d.
1411 2719 1534 2765 bayer.

50 2776 187 2812 Akad.:
211 2776 487 2821 philol-philos.
511 2787 544 2811 u.
563 2777 690 2811 histor.
709 2776 840 2810 Klasse
868 2779 952 2811 1888
977 2786 1011 2819 p.
1030 2780 1068 2810 31
1097 2775 1179 2810 adn.
1202 2779 1229 2809 1.

164 2836 208 2878 ¹⁷)
240 2832 296 2868 Cf.
320 2832 527 2878 Strengius,
553 2833 794 2876 Quaestiones
819 2832 1088 2869 Philochoreae.
1131 2832 1297 2877 Gotting.
1319 2835 1402 2867 1855
1427 2836 1534 2877 9250.
