1830 3201
293 207 370 242 318

293 316 393 352 hane
423 315 643 363 opinionem
676 314 873 351 adiuvant.
933 315 973 351 In
1003 327 1079 362 quo
1114 318 1297 363 corrupta
1329 327 1413 352 esse
1444 311 1516 351 καὶ
1543 311 1665 365 χρεία
1694 326 1768 366 μη-

289 380 424 430 χανῆς
461 367 517 430 ἦν
560 375 626 416 ἐπὶ
671 374 722 417 τὸ
762 384 903 429 τεῖχος
943 379 1276 432 καταβληθῆναι
1318 381 1406 419 mihi
1448 387 1610 420 constat.
1669 383 1767 420 Nam

292 450 384 497 quid
419 449 488 486 sibi
514 448 651 486 volunt
681 448 886 485 machinae
916 448 954 485 in
979 460 1129 486 murum
1164 448 1367 487 deiectae?
1416 449 1536 486 Immo
1568 449 1680 486 facile
1712 461 1769 486 sa-

291 520 406 553 natur
439 517 546 553 locus
584 515 614 552 si
647 515 828 552 scribitur
867 545 874 552 .
905 545 911 551 .
946 510 1014 551 ἐπὶ
1053 512 1118 565 τῷ
1157 506 1208 551 τὸ
1245 519 1386 564 τεῖχος
1421 512 1769 566 καταβληθῆναι,

291 585 312 621 i.
339 596 369 621 e.
402 588 443 620 ut
475 594 607 620 murus
639 582 873 632 deiceretur,
913 595 1013 631 quae
1044 584 1074 620 si
1108 595 1193 620 cum
1226 583 1399 621 Diodoro
1432 584 1517 629 XII,
1547 586 1610 633 28,
1637 586 1660 622 3
1697 579 1769 620 καὶ

292 655 388 695 ταῖς
427 654 637 700 μηχαναῖς
679 643 946 696 καταβαλών
982 643 1035 686 τὰ
1072 646 1189 700 τείχη
1229 650 1277 687 ad
1315 651 1514 699 Ephorum
1556 651 1769 688 secundum

293 717 648 766 Volquardsenium
695 717 904 755 recedente
954 729 1168 766 comparas,
1220 720 1368 755 tantam
1411 718 1512 755 inter
1555 721 1765 767 utrumque

291 785 412 822 habes
463 784 772 829 similitudinem,
830 788 872 821 ut
922 785 983 821 vel
1036 788 1246 833 propterea
1296 784 1497 832 Ephorum
1554 784 1768 823 adhibitum

291 864 377 888 esse
413 851 563 888 eredas.

404 929 554 966 Deinde
594 929 654 966 hic
693 931 908 967 afferantur
945 930 1091 967 scholia
1124 930 1252 979 Equit.
1279 931 1344 979 84,
1381 942 1482 978 quae
1519 942 1633 979 quam
1671 931 1771 968 inter

291 1010 331 1034 se
358 997 529 1033 habeant
551 997 879 1034 necessitudinem
902 997 974 1034 iam
997 1000 1112 1034 antea
1135 998 1311 1034 vidimus.
1373 997 1482 1044 Quae
1505 997 1652 1035 scholia
1684 1010 1769 1035 cum

293 1063 528 1101 Aristodemi
563 1076 645 1112 cap.
668 1064 714 1112 X,
739 1067 772 1102 1.
801 1067 837 1102 4.
866 1068 888 1102 5
921 1063 984 1111 (cf.
1017 1065 1240 1113 Muellerus,
1270 1065 1359 1111 Frg.
1382 1064 1416 1102 h.
1438 1077 1565 1112 graec.
1588 1065 1620 1102 V
1649 1077 1683 1114 p.
1710 1067 1772 1103 12.

295 1130 360 1176 13)
394 1135 469 1167 tam
493 1135 577 1168 arte
610 1136 843 1179 congruunt,
878 1136 917 1169 ut
939 1131 1107 1169 dubitari
1132 1144 1208 1169 non
1232 1132 1365 1180 possit,
1397 1132 1490 1180 quin
1521 1131 1570 1168 ad
1603 1132 1768 1169 eundem

295 1200 440 1236 fontem
465 1199 651 1236 recedant
674 1199 745 1237 hae
769 1199 868 1236 duae
894 1200 1158 1243 narrationes3
1191 1200 1282 1248 quin
1317 1199 1431 1237 etiam
1456 1200 1772 1237 Wachsmuthius

292 1265 579 1304 Aristodemum
634 1270 784 1314 partem
840 1267 963 1315 ipsius
1010 1266 1145 1304 scholii
1191 1266 1435 1315 excerpsisse
1485 1270 1613 1315 putat,
1670 1279 1771 1315 quae

295 1334 424 1382 opinio
457 1333 504 1369 ab
527 1332 717 1370 Hieckeio
740 1333 914 1381 probata,
946 1346 1030 1371 cum
1057 1332 1268 1381 Sohaeferi,
1289 1333 1531 1381 Buecheleri‚
1553 1332 1772 1382 Meynckei,

292 1400 473 1448 Maehlyi,
506 1400 661 1445 Prinzii,
695 1400 908 1449 Matthiaei,
942 1398 1181 1443 Muelleri‘2l)
1205 1399 1534 1449 disputationibus
1566 1400 1769 1450 probatum

292 1471 358 1518 sit,
403 1467 439 1505 id
487 1467 592 1516 quod
640 1469 797 1516 negavit
835 1468 1171 1516 Wachsmuthius,
1219 1469 1432 1516 genuinum
1481 1480 1567 1506 esse
1618 1469 1771 1507 librum,

291 1541 394 1574 stare
433 1547 509 1572 non
542 1537 684 1582 potest.
743 1536 939 1573 Differunt
975 1535 1013 1572 in
1054 1547 1099 1572 ea
1136 1535 1222 1572 sola
1258 1546 1312 1583 re,
1349 1534 1455 1583 quod
1488 1535 1772 1585 Aristodemus,
1805 1549 1810 1552 ·

292 1607 334 1641 ut
366 1602 563 1640 Diodorus
587 1600 800 1651 (Ephorus)
830 1603 895 1651 XI,
921 1605 981 1651 19,
1004 1605 1039 1650 6,
1069 1602 1371 1639 Themistoclem
1404 1614 1473 1651 per
1506 1603 1680 1640 nuntium
1713 1616 1771 1641 re-

292 1684 376 1718 gem
402 1670 492 1706 facit
515 1669 742 1706 edocentem
767 1669 937 1707 Graecos
965 1672 1123 1717 pontem
1153 1680 1238 1707 esse
1260 1669 1512 1718 rescissuros,
1542 1670 1771 1709 scholiastes

293 1740 428 1775 contra
459 1740 501 1773 ut
532 1735 758 1773 Herodotus
781 1736 884 1785 VIII,
909 1738 998 1774 108.
1029 1738 1105 1774 109
1147 1747 1213 1774 eos
1246 1735 1338 1773 dicit
1373 1749 1395 1773 a
1426 1735 1526 1774 duce
1557 1737 1772 1785 prohibitos

292 1817 375 1842 esse
407 1816 455 1841 ne
489 1804 560 1841 hoc
589 1803 777 1851 facerent,
808 1815 907 1851 quae
931 1815 992 1841 res
1024 1803 1165 1841 deinde
1187 1803 1270 1851 regi
1292 1804 1471 1840 nuntiata
1493 1807 1605 1842 esset.
1663 1806 1771 1843 Haec

293 1872 412 1920 igitur
434 1871 670 1907 narrationis
693 1882 783 1919 pars
806 1882 825 1907 e
849 1871 1104 1919 complurium
1129 1870 1338 1917 sententiis,
1367 1873 1410 1907 ut
1432 1870 1647 1908 videbimus
1670 1884 1770 1910 com-

294 1939 448 1987 pilatae,
482 1939 527 1975 ab
560 1937 762 1975 Herodoto
795 1938 951 1975 videtur
982 1938 1217 1987 dependere.
1277 1937 1351 1976 Sed
1385 1939 1457 1975 iam
1491 1939 1771 1987 quaerentibus

292 2008 357 2055 qui
390 2006 545 2043 tandem
580 2005 666 2043 fons
704 2006 929 2054 principalis
960 2006 1020 2054 sit,
1061 2017 1122 2043 res
1164 2005 1274 2043 facile
1317 2009 1419 2043 esset
1459 2010 1694 2056 comparata,
1734 2008 1765 2044 si

293 2073 398 2121 quod
436 2073 673 2110 Plutarchus
713 2072 806 2110 dicit
845 2073 981 2110 Them.
1014 2085 1095 2121 cap.
1129 2076 1180 2111 27
1219 2073 1265 2109 ad
1304 2073 1492 2110 scholium
1532 2077 1666 2122 posset
1705 2074 1770 2112 ad-

296 2141 430 2189 hiberi,
462 2141 672 2189 Ephorum,
696 2141 902 2190 Dinonem,
929 2140 1178 2184 Clitarchum,
1201 2139 1462 2185 Heraclidem,
1492 2141 1586 2178 alios
1608 2141 1655 2178 ad
1679 2142 1772 2179 Xer-

293 2221 378 2245 xem
420 2220 505 2244 eum
543 2208 697 2245 venisse
728 2209 961 2256 narravisse,
1000 2207 1286 2255 Thucydidem,
1324 2207 1540 2245 Charonem
1573 2208 1620 2245 ad
1658 2209 1770 2246 Arta-

294 2286 469 2317 xerxem3
502 2274 570 2312 sed
602 2275 693 2312 huic
717 2275 781 2319 rei,
814 2276 873 2312 cui
907 2276 1098 2319 Bauerus,
1130 2275 1150 2311 l.
1172 2287 1204 2311 a.
1228 2287 1262 2322 p.
1284 2278 1374 2322 116,
1406 2274 1605 2313 maximam
1635 2279 1767 2314 aucto-

294 2343 445 2379 ritatem
484 2342 638 2390 tribuit,
676 2355 751 2379 non
791 2343 946 2380 nimiam
985 2341 1098 2379 fidem
1140 2353 1225 2380 esse
1266 2342 1484 2380 habendam
1521 2342 1770 2388 Schmidtius,

404 2474 447 2512 2⁰)
486 2472 666 2513 Persaepe
703 2471 749 2504 ad
787 2471 934 2505 verbum
977 2471 1100 2504 eadem
1139 2469 1328 2513 exhibent,
1369 2475 1409 2504 ut
1444 2471 1715 2505 Aristodemum
1751 2481 1770 2505 e

294 2526 429 2560 scholio
456 2527 562 2560 liceat
587 2527 789 2561 emendare.

405 2583 453 2623 2¹)
486 2580 539 2615 Cf.
563 2581 872 2624 Wachsmuthius‚
899 2581 988 2616 Mus.
1008 2581 1123 2615 Rhen.
1152 2581 1192 2615 N.
1211 2582 1248 2615 F.
1270 2580 1396 2614 XXIII
1422 2593 1454 2624 p.
1475 2585 1556 2625 3103
1582 2581 1771 2625 Hieckius,

294 2636 462 2670 Zeitschr.
488 2636 512 2671 f.
538 2638 570 2672 d.
591 2638 854 2680 Gymnasialw.'
882 2641 962 2672 180&
995 2648 1028 2680 p.
1054 2641 1133 2679 7:353
1180 2636 1412 2680 Schaeferus,
1450 2637 1604 2671 Jahrbb.
1628 2635 1651 2672 f.
1679 2636 1768 2672 Phil.

294 2692 430 2727 XCVll
459 2705 489 2736 p.
511 2697 593 2736 5323
618 2692 875 2735 Buechelerus,
901 2694 1035 2727 ibidem
1061 2705 1095 2736 p.
1115 2696 1194 2736 2373
1220 2693 1448 2737 Meynkeius,
1476 2693 1610 2727 ibidem
1637 2704 1670 2737 p.
1690 2697 1769 2737 8343

294 2749 470 2789 l'rinzius,
496 2749 626 2782 ibidem
655 2748 701 2781 CI
727 2760 760 2791 p.
783 2752 862 2791 1513,
889 2749 1088 2793 Maehlyus,
1115 2749 1246 2782 ibidem
1274 2748 1354 2783 CIII
1380 2760 1413 2792 p.
1432 2752 1515 2791 4473
1539 2749 1770 2792 Matthiaeus,

295 2804 368 2836 Das
395 2804 533 2845 Fragm.
561 2805 623 2838 (les
650 2805 881 2846 Aristonem„
905 2805 1000 2838 dena
1024 2807 1123 2846 1574,
1157 2804 1363 2846 Muellerus,
1389 2805 1410 2838 1.
1428 2815 1457 2839 a.
1484 2816 1517 2848 p.
1536 2804 1642 2838 XXII
1656 2814 1734 2848 sqq.
