1830 3201
314 208 391 244 384

314 318 424 353 esset.
483 314 555 353 Sed
578 313 688 350 nimis
711 313 823 349 anxie
846 315 884 349 et
905 311 1113 349 artificiose
1142 313 1235 359 puto
1268 322 1354 347 eum
1376 311 1672 359 interpretatum
1696 322 1779 348 esse

314 386 477 430 poetam,
507 380 568 417 cui
599 380 714 417 talem
743 379 892 428 lapsum
925 378 1039 415 facile
1070 378 1328 426 ignoscemus,
1358 377 1589 426 praesertim
1621 389 1706 415 cum
1737 377 1781 415 iis

311 448 551 498 potissimum
583 447 768 495 loquatur
799 445 863 494 qui
895 445 934 482 in
956 444 1109 482 theatro
1132 443 1288 493 adsunt,
1319 456 1395 482 non
1418 443 1637 481 hominibus
1658 443 1781 481 doctis

312 518 515 563 tantopere
546 513 667 550 verba
699 523 770 549 sua
800 511 1077 561 prementibus.
1137 510 1240 559 Ergo
1277 510 1352 548 hoc
1389 522 1467 548 non
1504 510 1642 548 obstat.
1703 510 1780 547 Iam

312 581 439 619 fictum
463 592 547 617 esse
569 592 645 617 non
667 581 795 627 potest
816 577 1027 616 decretum.
1084 577 1184 614 Nam
1217 588 1302 614 cum
1334 577 1372 614 in
1405 576 1479 614 hac
1505 589 1548 614 re
1578 575 1662 615 fere
1692 588 1781 614 con-

312 649 480 687 sentiant
512 646 627 685 hodie
667 646 840 684 homines
872 645 988 693 docti,
1024 645 1055 682 si
1087 657 1163 682 non
1196 644 1435 682 comoediam
1473 647 1512 682 et
1540 643 1780 694 tragoediam

312 719 416 754 certe
449 714 692 764 tragoediam
724 714 844 751 solam
877 712 1102 750 mulieribus
1135 712 1288 750 licuisse
1320 710 1570 761 spectarem),
1607 723 1693 749 cum
1725 723 1783 749 re-

312 796 394 821 rum
427 782 590 820 veritate
629 793 703 818 non
737 783 886 829 pugnat
917 779 1122 828 scholium3
1160 778 1208 816 de
1239 781 1320 816 tota
1351 782 1477 816 autem
1510 791 1551 817 re
1588 778 1782 828 quomodo

311 854 389 887 tam
412 854 517 886 certa
549 851 586 885 et
607 847 684 884 fixa
715 846 945 884 scholiastes
977 846 1149 894 potuerit
1176 845 1324 894 fingere
1356 845 1534 894 equidem
1557 857 1634 883 non
1657 844 1783 892 video,

313 916 539 966 praesertim
579 927 665 951 cum
703 926 724 950 a
755 917 871 962 po'e'ta
907 925 970 950 res
1001 912 1218 957 adiuvetur,
1256 913 1321 961 qui
1359 913 1490 950 verbis
1526 903 1603 957 τὰς
1637 906 1784 962 ἑτέρας

312 986 332 1022 l.
356 987 406 1023 23
439 983 514 1029 (ed.
535 981 651 1027 Iunt.)
683 981 732 1020 ad
764 982 839 1019 hoc
871 981 1071 1019 decretum
1105 981 1259 1018 videtur
1291 984 1480 1030 spectare.

426 1051 619 1088 Habemus
656 1050 774 1098 igitur
812 1049 890 1087 duo
922 1049 1078 1086 decreta
1115 1048 1163 1085 ad
1202 1048 1420 1086 fabularum
1457 1048 1657 1086 historiam
1696 1061 1784 1098 per-

313 1119 487 1167 tinentia,
524 1117 618 1155 Ach.
648 1120 711 1166 67,
750 1117 852 1154 Eccl.
883 1117 928 1164 11,
957 1119 1020 1163 22,
1056 1127 1219 1164 quorum
1258 1128 1345 1153 cum
1377 1116 1484 1164 prius
1514 1115 1705 1153 scholium
1737 1115 1785 1153 de

314 1187 471 1224 decreto
503 1185 586 1233 ipso
625 1184 719 1221 nihil
751 1184 844 1221 certi
884 1184 1093 1232 contineat,
1130 1182 1308 1232 equidem
1349 1195 1395 1220 ne
1426 1183 1590 1220 alterum
1628 1183 1783 1231 quidem

313 1268 333 1292 e
364 1253 514 1292 Crateri
546 1249 775 1300 συναγωγῇ
807 1251 985 1288 haustum
1018 1262 1104 1288 esse
1135 1253 1241 1299 puto.
1300 1250 1421 1288 Immo
1452 1252 1542 1287 nata
1573 1253 1663 1287 sunt
1693 1250 1785 1288 inde

314 1321 415 1358 unde
446 1319 545 1356 aliae
576 1330 734 1367 quoque
771 1318 958 1355 eiusmodi
991 1329 1052 1355 res
1085 1320 1192 1355 ortae
1224 1321 1324 1362 sunt,
1363 1322 1404 1354 ut
1434 1317 1554 1354 schol.
1582 1318 1676 1355 Ran.
1704 1319 1785 1355 404

314 1389 374 1435 (ex
399 1386 618 1424 Aristotelis
647 1381 943 1430 διδασκαλίας)
975 1389 1041 1422 aut
1072 1385 1190 1422 schol.
1212 1385 1307 1422 Ran.
1329 1386 1425 1433 3673
1462 1390 1514 1432 ut,
1545 1397 1632 1422 cum
1664 1385 1701 1422 in
1733 1385 1786 1422 di—

314 1455 493 1493 dascaliis
516 1453 591 1491 tale
615 1452 708 1501 quid
732 1452 795 1489 vix
818 1453 1022 1500 exstiterit,
1055 1451 1234 1501 equidem
1266 1463 1312 1489 ea
1339 1451 1504 1489 tribuam
1535 1441 1786 1501 Ἐρατοσθέ-

316 1535 417 1567 νους
448 1516 548 1569 περὶ
581 1512 758 1569 ἀρχαίας
789 1515 1031 1568 κωμῳδίας,
1066 1520 1132 1567 qui
1163 1520 1260 1556 liber
1291 1520 1445 1567 saepius
1477 1523 1686 1567 usurpatus
1717 1523 1786 1557 est.

426 1590 607 1638 Denique
639 1600 757 1625 unum
785 1590 906 1624 restat
933 1587 1133 1625 decretum
1165 1586 1283 1624 schol.
1305 1587 1403 1635 Equ.
1425 1589 1517 1636 574,
1547 1587 1611 1624 ubi
1643 1587 1690 1624 ad
1723 1600 1786 1625 ex-

315 1657 519 1707 plicandos
550 1667 701 1694 versus:
1019 1685 1028 1697 ,
1269 1681 1277 1701 e
1430 1678 1440 1692 ,
1473 1678 1482 1692 ‚
1508 1680 1529 1693 Ἃ
1610 1680 1624 1698 z

961 1699 1033 1724 και
1063 1695 1357 1738 στρατηγησας
1388 1683 1470 1724 ovd
1504 1699 1558 1725 αν
1589 1700 1647 1733 εις

453 1757 544 1796 τῶν
573 1751 660 1808 πρὸ
692 1754 771 1793 τοῦ
808 1754 977 1806 σίτησιν
1009 1747 1130 1807 ᾔτησ)
1152 1746 1358 1804 ἐρόμενος
1390 1752 1657 1793 Κλεαίνετον

315 1830 428 1868 trium
462 1828 711 1875 reperiuntur
733 1825 1073 1874 grammaticorum
1097 1826 1326 1873 sententiae,
1359 1835 1524 1872 quarum
1555 1824 1572 1861 I
1604 1825 1626 1860 l.
1649 1827 1713 1873 53,
1735 1827 1786 1863 54

316 1901 352 1934 et
382 1897 496 1942 1114,
524 1897 546 1932 5
590 1907 610 1930 a
642 1893 902 1941 grammaticis
941 1892 1050 1929 fictas
1087 1903 1174 1929 esse
1211 1891 1330 1929 verba
1366 1892 1450 1940 ipsa
1491 1887 1707 1939 (φαίνεται
1734 1913 1785 1918 -

316 1956 616 2011 στοχάζονται)
649 1962 829 2009 probant,
860 1961 895 1997 ΙΙ
929 1960 1025 1997 haec
1056 1959 1187 1997 habet:
1220 1953 1260 1995 οἱ
1293 1955 1351 2004 δέ,
1384 1948 1450 1995 ὅτι
1473 1946 1603 2003 οὗτος
1625 1951 1787 2008 ἔγραψε

316 2021 515 2079 ψήφισμα
545 2021 600 2078 μὴ
634 2026 725 2065 δεῖν
755 2024 944 2079 δοθῆναι
974 2031 1065 2071 τοῖς
1087 2031 1344 2077 στρατηγοῖς
1371 2023 1553 2076 σίτησιν.
1592 2023 1787 2071 σπανίως

317 2092 360 2133 (δὲ
380 2093 588 2146 μέμιήται
616 2093 696 2132 τοῦ
720 2091 987 2131 Κλεαινέτου
1015 2090 1083 2130 καὶ
1110 2085 1263 2143 σχεδὸν
1292 2088 1488 2130 ἐνταῦθα
1513 2086 1664 2142 μόνον.
1717 2093 1787 2132 Oui
1829 2073 1830 2091 ³

318 2165 544 2211 Droysenus
582 2163 709 2209 (Vers.
738 2175 858 2211 germ.
890 2175 924 2210 p.
956 2165 1032 2200 125
1064 2160 1168 2207 adn.)
1207 2161 1321 2199 fidem
1361 2161 1493 2198 haberi
1524 2161 1618 2210 vult,
1656 2173 1787 2209 quam-

319 2243 431 2279 quam
463 2230 589 2267 addit:
625 2229 697 2275 „So
727 2230 826 2267 nach
850 2229 919 2267 der
941 2229 1106 2266 Ansicht
1134 2229 1201 2266 des
1222 2228 1473 2273 Scholiasten,
1506 2228 1574 2265 der
1596 2227 1789 2265 vielleicht

318 2310 387 2334 aus
429 2298 499 2335 der
539 2297 656 2335 Stelle
702 2297 823 2334 selbst
866 2309 938 2334 nur
979 2298 1085 2334 seine
1128 2296 1352 2344 Erklarung
1394 2300 1640 2333 entnommen
1684 2294 1782 2333 hat.“
1829 2337 1830 2340 Ἴ

320 2366 430 2403 Certe
462 2365 571 2402 finxit
608 2368 745 2414 poetae
778 2365 982 2402 verborum
1014 2364 1139 2412 gratia
1171 2364 1244 2401 hoc
1275 2364 1470 2401 decretum
1502 2363 1788 2411 grammaticus.
1828 2368 1830 2374 ⁴

322 2434 418 2469 Nam
451 2436 725 2480 praeterquam
756 2431 861 2480 quod
884 2432 931 2469 de
954 2432 1026 2469 hoc
1049 2432 1256 2469 Cleaeneto
1289 2431 1383 2468 nihil
1407 2442 1575 2479 unquam
1598 2429 1789 2478 audimus,

319 2499 409 2547 quid
442 2499 608 2547 ineptius
641 2510 755 2547 quam
789 2499 959 2543 credere,
997 2498 1034 2536 id
1073 2498 1177 2547 quod
1215 2503 1354 2546 poetae
1393 2497 1518 2534 verbis
1556 2495 1789 2544 postulatur,

320 2566 407 2602 huic
440 2566 580 2603 homini
615 2578 697 2603 eam
730 2569 961 2614 potestatem
994 2566 1126 2614 fuisse,
1163 2570 1205 2603 ut
1241 2566 1288 2602 ab
1320 2564 1454 2602 eodem
1487 2564 1645 2601 decreto
1682 2562 1787 2611 quod

320 2633 463 2669 tulerat
496 2636 625 2680 posset
649 2632 830 2681 excipere
863 2644 1133 2681 quoscumque
1156 2631 1305 2669 vellet?
1363 2631 1422 2668 De
1453 2630 1526 2668 loci
1558 2629 1787 2679 interpreta-

1823 2686 1829 2739 Ι

429 2752 473 2789 2¹)
507 2749 558 2782 De
577 2749 697 2782 haere
726 2759 795 2782 non
816 2750 1021 2783 accuratius
1047 2759 1133 2791 ago:
1159 2750 1203 2783 cf.
1230 2749 1435 2791 Muellerus,
1460 2747 1602 2781 Griech.
1622 2746 1788 2779 Biihncn-
1824 2742 1828 2788 Ι

321 2804 433 2837 altcrt.
461 2815 493 2847 p.
513 2806 586 2845 259,
605 2808 646 2836 <w
673 2808 708 2837 et
733 2804 813 2839 adn.
