<?xml version="1.0" encoding="UTF-8"?>
<!DOCTYPE html PUBLIC "-//W3C//DTD XHTML 1.0 Transitional//EN"
    "http://www.w3.org/TR/xhtml1/DTD/xhtml1-transitional.dtd">
<html xmlns="http://www.w3.org/1999/xhtml" xml:lang="en" lang="en">
 <head>
  <title>
</title>
<meta http-equiv="Content-Type" content="text/html;charset=utf-8" />
  <meta name='ocr-system' content='tesseract 3.04.00' />
  <meta name='ocr-capabilities' content='ocr_page ocr_carea ocr_par ocr_line ocrx_word'/>
</head>
<body>
  <div class='ocr_page' id='page_1' title='image "./deverbisetintran00hilduoft_0204.png"; bbox 0 0 1830 3201; ppageno 0'>
   <div class='ocr_carea' id='block_1_1' title="bbox 274 193 349 228">
    <p class='ocr_par' dir='ltr' id='par_1_1' title="bbox 274 193 349 228">
     <span class='ocr_line' id='line_1_1' title="bbox 274 193 349 228; baseline 0.013 -1"><span class='ocrx_word' id='word_1_1' title='bbox 274 193 349 228; x_wconf 73' lang='lat'>196</span> 
     </span>
    </p>
   </div>
   <div class='ocr_carea' id='block_1_2' title="bbox 273 298 1756 2099">
    <p class='ocr_par' dir='ltr' id='par_1_2' title="bbox 273 298 1747 618">
     <span class='ocr_line' id='line_1_2' title="bbox 273 298 1744 350; baseline -0.001 -11"><span class='ocrx_word' id='word_1_2' title='bbox 273 301 424 344; x_wconf 85' lang='lat' dir='ltr'>dubito;</span> <span class='ocrx_word' id='word_1_3' title='bbox 464 312 550 337; x_wconf 87' lang='lat' dir='ltr'>nam</span> <span class='ocrx_word' id='word_1_4' title='bbox 589 299 670 337; x_wconf 87' lang='lat' dir='ltr'>fieri</span> <span class='ocrx_word' id='word_1_5' title='bbox 709 299 893 348; x_wconf 86' lang='lat' dir='ltr'>potuisse,</span> <span class='ocrx_word' id='word_1_6' title='bbox 931 300 972 336; x_wconf 91' lang='lat' dir='ltr'>ut</span> <span class='ocrx_word' id='word_1_7' title='bbox 1001 298 1223 337; x_wconf 88' lang='lat' dir='ltr'>Zenodotus</span> <span class='ocrx_word' id='word_1_8' title='bbox 1259 312 1305 337; x_wconf 87' lang='lat' dir='ltr'>ex</span> <span class='ocrx_word' id='word_1_9' title='bbox 1338 299 1423 337; x_wconf 92' lang='lat' dir='ltr'>loco</span> <span class='ocrx_word' id='word_1_10' title='bbox 1456 300 1540 348; x_wconf 85' lang='lat' dir='ltr'>ipso</span> <span class='ocrx_word' id='word_1_11' title='bbox 1577 300 1744 350; x_wconf 82' lang='lat' dir='ltr'>origina—</span> 
     </span>
     <span class='ocr_line' id='line_1_3' title="bbox 273 366 1744 416; baseline -0.001 -11"><span class='ocrx_word' id='word_1_12' title='bbox 273 369 415 406; x_wconf 78' lang='lat' dir='ltr'>tionem</span> <span class='ocrx_word' id='word_1_13' title='bbox 450 367 557 404; x_wconf 84' lang='lat' dir='ltr'>verbi</span> <span class='ocrx_word' id='word_1_14' title='bbox 598 378 674 404; x_wconf 89' lang='lat' dir='ltr'>non</span> <span class='ocrx_word' id='word_1_15' title='bbox 708 377 848 403; x_wconf 87' lang='lat' dir='ltr'>curans</span> <span class='ocrx_word' id='word_1_16' title='bbox 889 366 1120 404; x_wconf 80' lang='lat' dir='ltr'>sententiam</span> <span class='ocrx_word' id='word_1_17' title='bbox 1160 366 1229 404; x_wconf 89' lang='lat' dir='ltr'>sibi</span> <span class='ocrx_word' id='word_1_18' title='bbox 1265 366 1431 415; x_wconf 86' lang='lat' dir='ltr'>finxerit,</span> <span class='ocrx_word' id='word_1_19' title='bbox 1467 367 1554 416; x_wconf 84' lang='lat' dir='ltr'>quis</span> <span class='ocrx_word' id='word_1_20' title='bbox 1585 369 1642 404; x_wconf 87' lang='lat' dir='ltr'>est</span> <span class='ocrx_word' id='word_1_21' title='bbox 1678 366 1744 416; x_wconf 88' lang='lat' dir='ltr'>qui</span> 
     </span>
     <span class='ocr_line' id='line_1_4' title="bbox 274 432 1745 483; baseline -0.001 -10"><span class='ocrx_word' id='word_1_22' title='bbox 274 438 399 483; x_wconf 89' lang='lat' dir='ltr'>neget.</span> <span class='ocrx_word' id='word_1_23' title='bbox 458 432 533 471; x_wconf 81' lang='lat' dir='ltr'>Sed</span> <span class='ocrx_word' id='word_1_24' title='bbox 567 433 638 470; x_wconf 88' lang='lat' dir='ltr'>hac</span> <span class='ocrx_word' id='word_1_25' title='bbox 670 433 717 470; x_wconf 89' lang='lat' dir='ltr'>de</span> <span class='ocrx_word' id='word_1_26' title='bbox 748 445 790 470; x_wconf 92' lang='lat' dir='ltr'>re</span> <span class='ocrx_word' id='word_1_27' title='bbox 829 437 1028 482; x_wconf 87' lang='lat' dir='ltr'>utcunque</span> <span class='ocrx_word' id='word_1_28' title='bbox 1065 435 1223 483; x_wconf 80' lang='lat' dir='ltr'>statues,</span> <span class='ocrx_word' id='word_1_29' title='bbox 1259 446 1346 471; x_wconf 90' lang='lat' dir='ltr'>eum</span> <span class='ocrx_word' id='word_1_30' title='bbox 1384 445 1534 472; x_wconf 85' lang='lat' dir='ltr'>errasse</span> <span class='ocrx_word' id='word_1_31' title='bbox 1571 437 1745 483; x_wconf 84' lang='lat' dir='ltr'>apparet,</span> 
     </span>
     <span class='ocr_line' id='line_1_5' title="bbox 273 493 1747 550; baseline -0.001 -11"><span class='ocrx_word' id='word_1_32' title='bbox 273 515 359 539; x_wconf 90' lang='lat' dir='ltr'>nam</span> <span class='ocrx_word' id='word_1_33' title='bbox 392 513 467 539; x_wconf 84' lang='lat' dir='ltr'>vox</span> <span class='ocrx_word' id='word_1_34' title='bbox 499 493 665 550; x_wconf 78' lang='grc' dir='ltr'><strong><em>σπιδής,</em></strong></span> <span class='ocrx_word' id='word_1_35' title='bbox 702 512 802 549; x_wconf 86' lang='lat' dir='ltr'>quae</span> <span class='ocrx_word' id='word_1_36' title='bbox 839 499 1005 538; x_wconf 87' lang='lat' dir='ltr'>fortasse</span> <span class='ocrx_word' id='word_1_37' title='bbox 1041 512 1063 537; x_wconf 90' lang='lat' dir='ltr'>a</span> <span class='ocrx_word' id='word_1_38' title='bbox 1094 500 1225 538; x_wconf 83' lang='lat' dir='ltr'>radice</span> <span class='ocrx_word' id='word_1_39' title='bbox 1257 508 1344 537; x_wconf 90' lang='grc' dir='ltr'>σπα</span> <span class='ocrx_word' id='word_1_40' title='bbox 1358 499 1385 547; x_wconf 88' lang='grc'>1)</span> <span class='ocrx_word' id='word_1_41' title='bbox 1424 500 1639 538; x_wconf 85' lang='lat' dir='ltr'>derivanda</span> <span class='ocrx_word' id='word_1_42' title='bbox 1678 503 1747 550; x_wconf 89' lang='lat' dir='ltr'>est,</span> 
     </span>
     <span class='ocr_line' id='line_1_6' title="bbox 274 566 1678 618; baseline -0.001 -12"><span class='ocrx_word' id='word_1_43' title='bbox 274 568 469 618; x_wconf 86' lang='lat' dir='ltr'>significat</span> <span class='ocrx_word' id='word_1_44' title='bbox 499 567 804 615; x_wconf 80' lang='lat' dir='ltr'>magnitudinem</span> <span class='ocrx_word' id='word_1_45' title='bbox 838 568 919 604; x_wconf 89' lang='lat' dir='ltr'>sive</span> <span class='ocrx_word' id='word_1_46' title='bbox 951 567 1243 616; x_wconf 85' lang='lat' dir='ltr'>amplitudinem</span> <span class='ocrx_word' id='word_1_47' title='bbox 1275 568 1356 605; x_wconf 86' lang='lat' dir='ltr'>sive</span> <span class='ocrx_word' id='word_1_48' title='bbox 1388 566 1678 613; x_wconf 79' lang='lat' dir='ltr'>latitudinem.2)</span> 
     </span>
    </p>

    <p class='ocr_par' dir='ltr' id='par_1_3' title="bbox 274 634 1756 2099">
     <span class='ocr_line' id='line_1_7' title="bbox 387 634 1748 685; baseline 0 -13"><span class='ocrx_word' id='word_1_49' title='bbox 387 639 421 674; x_wconf 88' lang='lat'>6.</span> <span class='ocrx_word' id='word_1_50' title='bbox 460 636 722 672; x_wconf 80' lang='lat' dir='ltr'>Transeamus</span> <span class='ocrx_word' id='word_1_51' title='bbox 754 647 857 672; x_wconf 91' lang='lat' dir='ltr'>nunc</span> <span class='ocrx_word' id='word_1_52' title='bbox 895 634 943 671; x_wconf 90' lang='lat' dir='ltr'>ad</span> <span class='ocrx_word' id='word_1_53' title='bbox 980 635 1199 683; x_wconf 89' lang='lat' dir='ltr'>glossarum</span> <span class='ocrx_word' id='word_1_54' title='bbox 1237 634 1512 685; x_wconf 79' lang='lat' dir='ltr'>fragmentum,</span> <span class='ocrx_word' id='word_1_55' title='bbox 1548 635 1654 684; x_wconf 88' lang='lat' dir='ltr'>quod</span> <span class='ocrx_word' id='word_1_56' title='bbox 1685 635 1748 673; x_wconf 90' lang='lat' dir='ltr'>de-</span> 
     </span>
     <span class='ocr_line' id='line_1_8' title="bbox 274 699 1750 751; baseline -0.001 -10"><span class='ocrx_word' id='word_1_57' title='bbox 274 704 409 741; x_wconf 84' lang='lat' dir='ltr'>bemus</span> <span class='ocrx_word' id='word_1_58' title='bbox 448 703 594 740; x_wconf 87' lang='lat' dir='ltr'>scholio</span> <span class='ocrx_word' id='word_1_59' title='bbox 633 702 680 739; x_wconf 87' lang='lat' dir='ltr'>ad</span> <span class='ocrx_word' id='word_1_60' title='bbox 718 702 761 739; x_wconf 95' lang='lat' dir='ltr'>Il.</span> <span class='ocrx_word' id='word_1_61' title='bbox 791 709 814 739; x_wconf 93' lang='grc' dir='ltr'><strong><em>σ</em></strong></span> <span class='ocrx_word' id='word_1_62' title='bbox 843 699 968 751; x_wconf 78' lang='grc'><strong>564.3)</strong></span> <span class='ocrx_word' id='word_1_63' title='bbox 1028 703 1192 751; x_wconf 82' lang='lat' dir='ltr'>Legitur</span> <span class='ocrx_word' id='word_1_64' title='bbox 1229 705 1356 740; x_wconf 85' lang='lat' dir='ltr'>autem</span> <span class='ocrx_word' id='word_1_65' title='bbox 1394 703 1431 740; x_wconf 89' lang='lat' dir='ltr'>in</span> <span class='ocrx_word' id='word_1_66' title='bbox 1471 702 1553 740; x_wconf 91' lang='lat' dir='ltr'>cod.</span> <span class='ocrx_word' id='word_1_67' title='bbox 1581 702 1750 741; x_wconf 73' lang='lat' dir='ltr'>TownL:</span> 
     </span>
     <span class='ocr_line' id='line_1_9' title="bbox 276 761 1749 821; baseline 0 -14"><span class='ocrx_word' id='word_1_68' title='bbox 276 764 504 818; x_wconf 78' lang='grc' dir='ltr'><strong><em>κάπετον]·</em></strong></span> <span class='ocrx_word' id='word_1_69' title='bbox 537 763 616 821; x_wconf 72' lang='grc' dir='ltr'><strong><em>τὴν</em></strong></span> <span class='ocrx_word' id='word_1_70' title='bbox 647 763 796 820; x_wconf 87' lang='grc' dir='ltr'><strong><em>ληνόν.</em></strong></span> <span class='ocrx_word' id='word_1_71' title='bbox 845 763 1094 821; x_wconf 75' lang='grc' dir='ltr'><strong><em>Ζηνόδοτος</em></strong></span> <span class='ocrx_word' id='word_1_72' title='bbox 1126 766 1172 807; x_wconf 76' lang='grc' dir='ltr'>δέ</span> <span class='ocrx_word' id='word_1_73' title='bbox 1201 779 1335 819; x_wconf 75' lang='grc' dir='ltr'><strong><em>φησιν</em></strong></span> <span class='ocrx_word' id='word_1_74' title='bbox 1367 761 1454 807; x_wconf 70' lang='grc' dir='ltr'>ἀπὸ</span> <span class='ocrx_word' id='word_1_75' title='bbox 1482 768 1651 819; x_wconf 83' lang='grc' dir='ltr'><strong><em>χαλκοῦ</em></strong></span> <span class='ocrx_word' id='word_1_76' title='bbox 1683 781 1749 807; x_wconf 87' lang='grc' dir='ltr'><strong><em>κε-</em></strong></span> 
     </span>
     <span class='ocr_line' id='line_1_10' title="bbox 276 833 1749 887; baseline 0.001 -13"><span class='ocrx_word' id='word_1_77' title='bbox 276 833 508 887; x_wconf 83' lang='grc' dir='ltr'><strong><em>καυμένου.</em></strong></span> <span class='ocrx_word' id='word_1_78' title='bbox 570 837 681 885; x_wconf 80' lang='lat' dir='ltr'>Quae</span> <span class='ocrx_word' id='word_1_79' title='bbox 712 837 833 875; x_wconf 86' lang='lat' dir='ltr'>verba</span> <span class='ocrx_word' id='word_1_80' title='bbox 869 837 1076 886; x_wconf 80' lang='lat' dir='ltr'>genuinam</span> <span class='ocrx_word' id='word_1_81' title='bbox 1110 837 1271 875; x_wconf 88' lang='lat' dir='ltr'>formam</span> <span class='ocrx_word' id='word_1_82' title='bbox 1304 850 1381 876; x_wconf 93' lang='lat' dir='ltr'>non</span> <span class='ocrx_word' id='word_1_83' title='bbox 1415 849 1595 876; x_wconf 87' lang='lat' dir='ltr'>servasse</span> <span class='ocrx_word' id='word_1_84' title='bbox 1629 849 1749 887; x_wconf 84' lang='lat' dir='ltr'>appa-</span> 
     </span>
     <span class='ocr_line' id='line_1_11' title="bbox 276 897 1749 955; baseline -0.001 -12"><span class='ocrx_word' id='word_1_85' title='bbox 276 905 392 951; x_wconf 64' lang='lat' dir='ltr'>ret4);</span> <span class='ocrx_word' id='word_1_86' title='bbox 423 918 510 942; x_wconf 88' lang='lat' dir='ltr'>nam</span> <span class='ocrx_word' id='word_1_87' title='bbox 543 917 643 954; x_wconf 87' lang='lat' dir='ltr'>quae</span> <span class='ocrx_word' id='word_1_88' title='bbox 674 904 859 942; x_wconf 89' lang='lat' dir='ltr'>feruntur</span> <span class='ocrx_word' id='word_1_89' title='bbox 888 897 1138 955; x_wconf 76' lang='grc' dir='ltr'><strong><em>Ζηνόδοτος</em></strong></span> <span class='ocrx_word' id='word_1_90' title='bbox 1160 900 1203 941; x_wconf 66' lang='grc' dir='ltr'>δὲ</span> <span class='ocrx_word' id='word_1_91' title='bbox 1237 903 1329 941; x_wconf 90' lang='grc' dir='ltr'><strong><em>κτλ.</em></strong></span> <span class='ocrx_word' id='word_1_92' title='bbox 1363 917 1440 943; x_wconf 89' lang='lat' dir='ltr'>non</span> <span class='ocrx_word' id='word_1_93' title='bbox 1472 905 1671 954; x_wconf 84' lang='lat' dir='ltr'>pertinent</span> <span class='ocrx_word' id='word_1_94' title='bbox 1700 904 1749 942; x_wconf 89' lang='lat' dir='ltr'>ad</span> 
     </span>
     <span class='ocr_line' id='line_1_12' title="bbox 276 964 1751 1023; baseline -0.002 -12"><span class='ocrx_word' id='word_1_95' title='bbox 276 973 572 1021; x_wconf 80' lang='lat' dir='ltr'>explicationem</span> <span class='ocrx_word' id='word_1_96' title='bbox 610 973 718 1010; x_wconf 90' lang='lat' dir='ltr'>vocis</span> <span class='ocrx_word' id='word_1_97' title='bbox 755 964 964 1018; x_wconf 69' lang='grc' dir='ltr'><strong><em>κάπετον,</em></strong></span> <span class='ocrx_word' id='word_1_98' title='bbox 1002 973 1116 1010; x_wconf 88' lang='lat' dir='ltr'>immo</span> <span class='ocrx_word' id='word_1_99' title='bbox 1157 984 1248 1010; x_wconf 88' lang='lat' dir='ltr'>vero</span> <span class='ocrx_word' id='word_1_100' title='bbox 1289 973 1523 1010; x_wconf 85' lang='lat' dir='ltr'>vocabulum</span> <span class='ocrx_word' id='word_1_101' title='bbox 1560 967 1751 1023; x_wconf 80' lang='grc' dir='ltr'><strong><em>κυανέην</em></strong></span> 
     </span>
     <span class='ocr_line' id='line_1_13' title="bbox 277 1039 1750 1088; baseline -0.001 -11"><span class='ocrx_word' id='word_1_102' title='bbox 277 1040 512 1078; x_wconf 89' lang='lat' dir='ltr'>illustratum</span> <span class='ocrx_word' id='word_1_103' title='bbox 551 1051 636 1077; x_wconf 84' lang='lat' dir='ltr'>esse</span> <span class='ocrx_word' id='word_1_104' title='bbox 674 1053 696 1077; x_wconf 85' lang='lat' dir='ltr'>a</span> <span class='ocrx_word' id='word_1_105' title='bbox 727 1039 925 1077; x_wconf 86' lang='lat' dir='ltr'>Zenodoto</span> <span class='ocrx_word' id='word_1_106' title='bbox 964 1040 1091 1088; x_wconf 87' lang='lat' dir='ltr'>quivis</span> <span class='ocrx_word' id='word_1_107' title='bbox 1129 1040 1235 1078; x_wconf 89' lang='lat' dir='ltr'>videt</span> <span class='ocrx_word' id='word_1_108' title='bbox 1271 1040 1410 1078; x_wconf 89' lang='lat' dir='ltr'>collato</span> <span class='ocrx_word' id='word_1_109' title='bbox 1447 1039 1585 1078; x_wconf 85' lang='lat' dir='ltr'>Iliadis</span> <span class='ocrx_word' id='word_1_110' title='bbox 1620 1051 1750 1077; x_wconf 87' lang='lat' dir='ltr'>versu.</span> 
     </span>
     <span class='ocr_line' id='line_1_14' title="bbox 278 1100 1751 1156; baseline -0.002 -10"><span class='ocrx_word' id='word_1_111' title='bbox 278 1110 355 1146; x_wconf 84' lang='lat' dir='ltr'>Iam</span> <span class='ocrx_word' id='word_1_112' title='bbox 389 1108 639 1146; x_wconf 87' lang='lat' dir='ltr'>coniecturae</span> <span class='ocrx_word' id='word_1_113' title='bbox 673 1108 897 1155; x_wconf 80' lang='lat' dir='ltr'>Duentzeri,</span> <span class='ocrx_word' id='word_1_114' title='bbox 934 1108 998 1156; x_wconf 88' lang='lat' dir='ltr'>qui</span> <span class='ocrx_word' id='word_1_115' title='bbox 1031 1107 1277 1145; x_wconf 87' lang='lat' dir='ltr'>scribendum</span> <span class='ocrx_word' id='word_1_116' title='bbox 1311 1120 1394 1145; x_wconf 88' lang='lat' dir='ltr'>esse</span> <span class='ocrx_word' id='word_1_117' title='bbox 1427 1108 1576 1146; x_wconf 86' lang='lat' dir='ltr'>censuit</span> <span class='ocrx_word' id='word_1_118' title='bbox 1606 1100 1751 1144; x_wconf 81' lang='grc' dir='ltr'><strong><em>Κάπε-</em></strong></span> 
     </span>
     <span class='ocr_line' id='line_1_15' title="bbox 276 1164 1753 1226; baseline -0.001 -14"><span class='ocrx_word' id='word_1_119' title='bbox 276 1184 375 1213; x_wconf 89' lang='grc' dir='ltr'><strong><em>τον·</em></strong></span> <span class='ocrx_word' id='word_1_120' title='bbox 407 1166 491 1225; x_wconf 79' lang='grc' dir='ltr'>τὴν</span> <span class='ocrx_word' id='word_1_121' title='bbox 523 1168 670 1226; x_wconf 84' lang='grc' dir='ltr'><strong><em>ληνόν.</em></strong></span> <span class='ocrx_word' id='word_1_122' title='bbox 718 1171 909 1226; x_wconf 74' lang='grc' dir='ltr'><strong><em>κυανέην</em></strong></span> <span class='ocrx_word' id='word_1_123' title='bbox 942 1171 989 1212; x_wconf 71' lang='grc' dir='ltr'>δέ</span> <span class='ocrx_word' id='word_1_124' title='bbox 1019 1182 1149 1225; x_wconf 82' lang='grc' dir='ltr'><strong><em>φησιν</em></strong></span> <span class='ocrx_word' id='word_1_125' title='bbox 1180 1168 1431 1225; x_wconf 80' lang='grc' dir='ltr'><strong><em>Ζηνόδοτος</em></strong></span> <span class='ocrx_word' id='word_1_126' title='bbox 1469 1164 1555 1212; x_wconf 65' lang='grc' dir='ltr'>ἀπὸ</span> <span class='ocrx_word' id='word_1_127' title='bbox 1584 1172 1753 1224; x_wconf 74' lang='grc' dir='ltr'><strong><em>χαλκοῦ</em></strong></span> 
     </span>
     <span class='ocr_line' id='line_1_16' title="bbox 277 1238 1749 1293; baseline -0.001 -13"><span class='ocrx_word' id='word_1_128' title='bbox 277 1238 560 1293; x_wconf 72' lang='grc' dir='ltr'><strong><em>κεκαυμένον,</em></strong></span> <span class='ocrx_word' id='word_1_129' title='bbox 603 1242 866 1292; x_wconf 88' lang='lat' dir='ltr'>praeferenda</span> <span class='ocrx_word' id='word_1_130' title='bbox 901 1255 985 1281; x_wconf 88' lang='lat' dir='ltr'>esse</span> <span class='ocrx_word' id='word_1_131' title='bbox 1020 1243 1178 1281; x_wconf 88' lang='lat' dir='ltr'>videtur</span> <span class='ocrx_word' id='word_1_132' title='bbox 1215 1243 1364 1292; x_wconf 88' lang='lat' dir='ltr'>Maasii,</span> <span class='ocrx_word' id='word_1_133' title='bbox 1405 1256 1521 1293; x_wconf 87' lang='lat' dir='ltr'>quam</span> <span class='ocrx_word' id='word_1_134' title='bbox 1558 1254 1678 1292; x_wconf 88' lang='lat' dir='ltr'>supra</span> <span class='ocrx_word' id='word_1_135' title='bbox 1712 1242 1749 1279; x_wconf 93' lang='lat' dir='ltr'>in</span> 
     </span>
     <span class='ocr_line' id='line_1_17' title="bbox 278 1310 1752 1359; baseline -0.001 -11"><span class='ocrx_word' id='word_1_136' title='bbox 278 1311 415 1349; x_wconf 85' lang='lat' dir='ltr'>scholii</span> <span class='ocrx_word' id='word_1_137' title='bbox 438 1314 548 1349; x_wconf 86' lang='lat' dir='ltr'>textu</span> <span class='ocrx_word' id='word_1_138' title='bbox 571 1310 862 1359; x_wconf 78' lang='lat' dir='ltr'>adnotavimus3</span> <span class='ocrx_word' id='word_1_139' title='bbox 895 1311 1014 1348; x_wconf 90' lang='lat' dir='ltr'>multo</span> <span class='ocrx_word' id='word_1_140' title='bbox 1037 1311 1135 1348; x_wconf 91' lang='lat' dir='ltr'>enim</span> <span class='ocrx_word' id='word_1_141' title='bbox 1161 1313 1220 1348; x_wconf 89' lang='lat' dir='ltr'>est</span> <span class='ocrx_word' id='word_1_142' title='bbox 1241 1310 1402 1349; x_wconf 81' lang='lat' dir='ltr'>facilior.</span> <span class='ocrx_word' id='word_1_143' title='bbox 1445 1310 1626 1349; x_wconf 86' lang='lat' dir='ltr'>Ceterum</span> <span class='ocrx_word' id='word_1_144' title='bbox 1655 1310 1752 1347; x_wconf 89' lang='lat' dir='ltr'>nihil</span> 
     </span>
     <span class='ocr_line' id='line_1_18' title="bbox 279 1373 1752 1428; baseline -0.001 -12"><span class='ocrx_word' id='word_1_145' title='bbox 279 1378 452 1428; x_wconf 84' lang='lat' dir='ltr'>impedit,</span> <span class='ocrx_word' id='word_1_146' title='bbox 489 1378 696 1427; x_wconf 86' lang='lat' dir='ltr'>quominus</span> <span class='ocrx_word' id='word_1_147' title='bbox 728 1389 967 1427; x_wconf 83' lang='lat' dir='ltr'>censeamus,</span> <span class='ocrx_word' id='word_1_148' title='bbox 1003 1378 1143 1416; x_wconf 85' lang='lat' dir='ltr'>lemma</span> <span class='ocrx_word' id='word_1_149' title='bbox 1174 1373 1363 1428; x_wconf 81' lang='grc' dir='ltr'><strong><em>κυανέην</em></strong></span> <span class='ocrx_word' id='word_1_150' title='bbox 1399 1381 1490 1416; x_wconf 87' lang='lat' dir='ltr'>ante</span> <span class='ocrx_word' id='word_1_151' title='bbox 1522 1377 1642 1415; x_wconf 86' lang='lat' dir='ltr'>verba</span> <span class='ocrx_word' id='word_1_152' title='bbox 1672 1375 1752 1427; x_wconf 82' lang='grc' dir='ltr'>Ζη-</span> 
     </span>
     <span class='ocr_line' id='line_1_19' title="bbox 279 1439 1752 1494; baseline -0.001 -11"><span class='ocrx_word' id='word_1_153' title='bbox 279 1439 463 1490; x_wconf 75' lang='grc' dir='ltr'><strong><em>νόδοτος</em></strong></span> <span class='ocrx_word' id='word_1_154' title='bbox 502 1444 594 1482; x_wconf 85' lang='grc' dir='ltr'><strong><em>κτλ.</em></strong></span> <span class='ocrx_word' id='word_1_155' title='bbox 638 1445 832 1483; x_wconf 80' lang='lat' dir='ltr'>excidisse</span> <span class='ocrx_word' id='word_1_156' title='bbox 881 1450 919 1483; x_wconf 90' lang='lat' dir='ltr'>et</span> <span class='ocrx_word' id='word_1_157' title='bbox 959 1445 1148 1484; x_wconf 89' lang='lat' dir='ltr'>Zenodoti</span> <span class='ocrx_word' id='word_1_158' title='bbox 1189 1445 1449 1483; x_wconf 90' lang='lat' dir='ltr'>testimonium</span> <span class='ocrx_word' id='word_1_159' title='bbox 1496 1445 1752 1494; x_wconf 84' lang='lat' dir='ltr'>neglegenter</span> 
     </span>
     <span class='ocr_line' id='line_1_20' title="bbox 280 1505 1752 1563; baseline -0.002 -11"><span class='ocrx_word' id='word_1_160' title='bbox 280 1526 366 1552; x_wconf 87' lang='lat' dir='ltr'>cum</span> <span class='ocrx_word' id='word_1_161' title='bbox 397 1513 460 1551; x_wconf 90' lang='lat' dir='ltr'>illo</span> <span class='ocrx_word' id='word_1_162' title='bbox 489 1506 701 1550; x_wconf 64' lang='grc' dir='ltr'><strong><em>κάπετον·</em></strong></span> <span class='ocrx_word' id='word_1_163' title='bbox 734 1505 817 1562; x_wconf 87' lang='grc' dir='ltr'>τήν</span> <span class='ocrx_word' id='word_1_164' title='bbox 838 1506 972 1563; x_wconf 87' lang='grc' dir='ltr'><strong><em>ληνόν</em></strong></span> <span class='ocrx_word' id='word_1_165' title='bbox 1004 1513 1316 1551; x_wconf 85' lang='lat' dir='ltr'>consarcinatum</span> <span class='ocrx_word' id='word_1_166' title='bbox 1338 1524 1433 1550; x_wconf 91' lang='lat' dir='ltr'>esse.</span> <span class='ocrx_word' id='word_1_167' title='bbox 1484 1512 1597 1551; x_wconf 84' lang='lat' dir='ltr'>Certe</span> <span class='ocrx_word' id='word_1_168' title='bbox 1618 1514 1752 1550; x_wconf 90' lang='lat' dir='ltr'>tenen-</span> 
     </span>
     <span class='ocr_line' id='line_1_21' title="bbox 280 1576 1754 1630; baseline -0.002 -11"><span class='ocrx_word' id='word_1_169' title='bbox 280 1583 368 1620; x_wconf 86' lang='lat' dir='ltr'>dum</span> <span class='ocrx_word' id='word_1_170' title='bbox 407 1585 464 1619; x_wconf 87' lang='lat' dir='ltr'>est</span> <span class='ocrx_word' id='word_1_171' title='bbox 500 1581 740 1619; x_wconf 89' lang='lat' dir='ltr'>Zenodotum</span> <span class='ocrx_word' id='word_1_172' title='bbox 774 1581 871 1618; x_wconf 89' lang='lat' dir='ltr'>nihil</span> <span class='ocrx_word' id='word_1_173' title='bbox 913 1582 985 1618; x_wconf 88' lang='lat' dir='ltr'>nisi</span> <span class='ocrx_word' id='word_1_174' title='bbox 1017 1580 1248 1618; x_wconf 86' lang='lat' dir='ltr'>vocabulum</span> <span class='ocrx_word' id='word_1_175' title='bbox 1280 1576 1470 1630; x_wconf 72' lang='grc' dir='ltr'><strong><em>κυανέην</em></strong></span> <span class='ocrx_word' id='word_1_176' title='bbox 1506 1579 1754 1629; x_wconf 85' lang='lat' dir='ltr'>explicuisse,</span> 
     </span>
     <span class='ocr_line' id='line_1_22' title="bbox 280 1646 1754 1699; baseline -0.003 -12"><span class='ocrx_word' id='word_1_177' title='bbox 280 1652 465 1699; x_wconf 86' lang='lat' dir='ltr'>quantum</span> <span class='ocrx_word' id='word_1_178' title='bbox 500 1661 547 1686; x_wconf 92' lang='lat' dir='ltr'>ex</span> <span class='ocrx_word' id='word_1_179' title='bbox 571 1649 642 1686; x_wconf 86' lang='lat' dir='ltr'>hoc</span> <span class='ocrx_word' id='word_1_180' title='bbox 664 1648 814 1686; x_wconf 84' lang='lat' dir='ltr'>scholio</span> <span class='ocrx_word' id='word_1_181' title='bbox 848 1647 976 1697; x_wconf 84' lang='lat' dir='ltr'>colligi</span> <span class='ocrx_word' id='word_1_182' title='bbox 1000 1647 1174 1697; x_wconf 79' lang='lat' dir='ltr'>potest.⁵)</span> <span class='ocrx_word' id='word_1_183' title='bbox 1234 1647 1342 1685; x_wconf 85' lang='lat' dir='ltr'>Dixit</span> <span class='ocrx_word' id='word_1_184' title='bbox 1369 1650 1499 1685; x_wconf 89' lang='lat' dir='ltr'>autem</span> <span class='ocrx_word' id='word_1_185' title='bbox 1531 1646 1754 1685; x_wconf 87' lang='lat' dir='ltr'>Zenodotus</span> 
     </span>
     <span class='ocr_line' id='line_1_23' title="bbox 279 1711 1754 1765; baseline -0.003 -11"><span class='ocrx_word' id='word_1_186' title='bbox 279 1716 515 1754; x_wconf 79' lang='lat' dir='ltr'>adiectivum</span> <span class='ocrx_word' id='word_1_187' title='bbox 548 1711 738 1765; x_wconf 81' lang='grc' dir='ltr'><strong><em>κυανέην</em></strong></span> <span class='ocrx_word' id='word_1_188' title='bbox 770 1716 807 1753; x_wconf 91' lang='lat' dir='ltr'>in</span> <span class='ocrx_word' id='word_1_189' title='bbox 839 1715 908 1753; x_wconf 93' lang='lat' dir='ltr'>illo</span> <span class='ocrx_word' id='word_1_190' title='bbox 940 1727 1055 1752; x_wconf 88' lang='lat' dir='ltr'>versu</span> <span class='ocrx_word' id='word_1_191' title='bbox 1088 1719 1246 1752; x_wconf 85' lang='lat' dir='ltr'>exstans</span> <span class='ocrx_word' id='word_1_192' title='bbox 1283 1713 1504 1763; x_wconf 87' lang='lat' dir='ltr'>significare</span> <span class='ocrx_word' id='word_1_193' title='bbox 1541 1714 1754 1762; x_wconf 86' lang='lat' dir='ltr'>materiam,</span> 
     </span>
     <span class='ocr_line' id='line_1_24' title="bbox 283 1781 1755 1831; baseline -0.003 -9"><span class='ocrx_word' id='word_1_194' title='bbox 283 1798 357 1822; x_wconf 89' lang='lat' dir='ltr'>non</span> <span class='ocrx_word' id='word_1_195' title='bbox 393 1784 573 1829; x_wconf 75' lang='lat' dir='ltr'>colorem,</span> <span class='ocrx_word' id='word_1_196' title='bbox 604 1795 720 1831; x_wconf 82' lang='lat' dir='ltr'>quam</span> <span class='ocrx_word' id='word_1_197' title='bbox 743 1782 780 1820; x_wconf 89' lang='lat' dir='ltr'>in</span> <span class='ocrx_word' id='word_1_198' title='bbox 805 1783 1038 1821; x_wconf 84' lang='lat' dir='ltr'>sententiam</span> <span class='ocrx_word' id='word_1_199' title='bbox 1073 1782 1184 1819; x_wconf 85' lang='lat' dir='ltr'>facile</span> <span class='ocrx_word' id='word_1_200' title='bbox 1216 1781 1358 1830; x_wconf 86' lang='lat' dir='ltr'>aliquis</span> <span class='ocrx_word' id='word_1_201' title='bbox 1389 1782 1590 1818; x_wconf 89' lang='lat' dir='ltr'>incurrere</span> <span class='ocrx_word' id='word_1_202' title='bbox 1622 1781 1755 1830; x_wconf 86' lang='lat' dir='ltr'>possit.</span> 
     </span>
     <span class='ocr_line' id='line_1_25' title="bbox 281 1848 1756 1900; baseline -0.004 -10"><span class='ocrx_word' id='word_1_203' title='bbox 281 1853 420 1900; x_wconf 84' lang='lat' dir='ltr'>Neque</span> <span class='ocrx_word' id='word_1_204' title='bbox 462 1850 622 1888; x_wconf 85' lang='lat' dir='ltr'>dubium</span> <span class='ocrx_word' id='word_1_205' title='bbox 661 1853 728 1898; x_wconf 88' lang='lat' dir='ltr'>est,</span> <span class='ocrx_word' id='word_1_206' title='bbox 769 1850 862 1898; x_wconf 89' lang='lat' dir='ltr'>quin</span> <span class='ocrx_word' id='word_1_207' title='bbox 893 1849 1116 1887; x_wconf 87' lang='lat' dir='ltr'>Zenodotus</span> <span class='ocrx_word' id='word_1_208' title='bbox 1157 1852 1262 1887; x_wconf 90' lang='lat' dir='ltr'>recte</span> <span class='ocrx_word' id='word_1_209' title='bbox 1301 1851 1480 1887; x_wconf 88' lang='lat' dir='ltr'>versatus</span> <span class='ocrx_word' id='word_1_210' title='bbox 1517 1848 1565 1885; x_wconf 88' lang='lat' dir='ltr'>sit</span> <span class='ocrx_word' id='word_1_211' title='bbox 1604 1848 1642 1885; x_wconf 90' lang='lat' dir='ltr'>in</span> <span class='ocrx_word' id='word_1_212' title='bbox 1682 1848 1756 1885; x_wconf 86' lang='lat' dir='ltr'>hac</span> 
     </span>
     <span class='ocr_line' id='line_1_26' title="bbox 283 1905 1755 1966; baseline -0.004 -10"><span class='ocrx_word' id='word_1_213' title='bbox 283 1931 378 1956; x_wconf 86' lang='lat' dir='ltr'>voce</span> <span class='ocrx_word' id='word_1_214' title='bbox 409 1917 713 1966; x_wconf 84' lang='lat' dir='ltr'>interpretanda,</span> <span class='ocrx_word' id='word_1_215' title='bbox 755 1916 859 1966; x_wconf 89' lang='lat' dir='ltr'>quod</span> <span class='ocrx_word' id='word_1_216' title='bbox 898 1916 1018 1954; x_wconf 87' lang='lat' dir='ltr'>verba</span> <span class='ocrx_word' id='word_1_217' title='bbox 1053 1917 1261 1954; x_wconf 90' lang='lat' dir='ltr'>Homerica</span> <span class='ocrx_word' id='word_1_218' title='bbox 1300 1905 1407 1965; x_wconf 72' lang='grc' dir='ltr'>ἀμφὶ</span> <span class='ocrx_word' id='word_1_219' title='bbox 1447 1910 1492 1951; x_wconf 78' lang='grc' dir='ltr'>δὲ</span> <span class='ocrx_word' id='word_1_220' title='bbox 1531 1910 1755 1965; x_wconf 80' lang='grc' dir='ltr'><strong><em>κυανέην</em></strong></span> 
     </span>
     <span class='ocr_line' id='line_1_27' title="bbox 282 1975 1755 2034; baseline -0.002 -11"><span class='ocrx_word' id='word_1_221' title='bbox 282 1979 491 2032; x_wconf 65' lang='grc' dir='ltr'><strong><em>κάπετον,</em></strong></span> <span class='ocrx_word' id='word_1_222' title='bbox 532 1981 632 2034; x_wconf 63' lang='grc' dir='ltr'>περὶ</span> <span class='ocrx_word' id='word_1_223' title='bbox 671 1975 708 2021; x_wconf 77' lang='grc' dir='ltr'>δ’</span> <span class='ocrx_word' id='word_1_224' title='bbox 736 1978 862 2034; x_wconf 67' lang='grc' dir='ltr'><strong><em>ἕρκος</em></strong></span> <span class='ocrx_word' id='word_1_225' title='bbox 899 1978 1049 2021; x_wconf 72' lang='grc' dir='ltr'><strong><em>ἔλασσε</em></strong></span> <span class='ocrx_word' id='word_1_226' title='bbox 1086 1979 1398 2033; x_wconf 75' lang='grc' dir='ltr'><strong><em>κασσιτέρου</em></strong></span> <span class='ocrx_word' id='word_1_227' title='bbox 1438 1983 1658 2021; x_wconf 87' lang='lat' dir='ltr'>luculenter</span> <span class='ocrx_word' id='word_1_228' title='bbox 1689 1981 1755 2020; x_wconf 88' lang='lat' dir='ltr'>do-</span> 
     </span>
     <span class='ocr_line' id='line_1_28' title="bbox 283 2043 1755 2099; baseline -0.004 -8"><span class='ocrx_word' id='word_1_229' title='bbox 283 2051 418 2098; x_wconf 76' lang='lat' dir='ltr'>cent.⁶)</span> <span class='ocrx_word' id='word_1_230' title='bbox 477 2053 688 2089; x_wconf 87' lang='lat' dir='ltr'>Praeterea</span> <span class='ocrx_word' id='word_1_231' title='bbox 719 2051 959 2089; x_wconf 88' lang='lat' dir='ltr'>Zenodotum</span> <span class='ocrx_word' id='word_1_232' title='bbox 989 2043 1069 2087; x_wconf 87' lang='grc' dir='ltr'>τὸν</span> <span class='ocrx_word' id='word_1_233' title='bbox 1095 2043 1264 2087; x_wconf 77' lang='grc' dir='ltr'><strong><em>κύανον</em></strong></span> <span class='ocrx_word' id='word_1_234' title='bbox 1295 2050 1380 2088; x_wconf 87' lang='lat' dir='ltr'>iure</span> <span class='ocrx_word' id='word_1_235' title='bbox 1411 2049 1631 2099; x_wconf 87' lang='lat' dir='ltr'>appellasse</span> <span class='ocrx_word' id='word_1_236' title='bbox 1659 2047 1755 2098; x_wconf 74' lang='grc' dir='ltr'><strong><em>χαλ-</em></strong></span> 
     </span>
    </p>
   </div>
   <div class='ocr_carea' id='block_1_3' title="bbox 285 2177 1758 2841">
    <p class='ocr_par' dir='ltr' id='par_1_4' title="bbox 285 2177 1756 2281">
     <span class='ocr_line' id='line_1_29' title="bbox 398 2177 1756 2225; baseline -0.003 -9"><span class='ocrx_word' id='word_1_237' title='bbox 398 2184 427 2225; x_wconf 91' lang='lat'>¹)</span> <span class='ocrx_word' id='word_1_238' title='bbox 458 2181 514 2216; x_wconf 83' lang='lat' dir='ltr'>Cf.</span> <span class='ocrx_word' id='word_1_239' title='bbox 540 2181 698 2224; x_wconf 84' lang='lat' dir='ltr'>Curtius,</span> <span class='ocrx_word' id='word_1_240' title='bbox 723 2180 866 2215; x_wconf 84' lang='lat' dir='ltr'>Griech.</span> <span class='ocrx_word' id='word_1_241' title='bbox 884 2181 1004 2225; x_wconf 84' lang='lat' dir='ltr'>Etym.</span> <span class='ocrx_word' id='word_1_242' title='bbox 1029 2190 1137 2224; x_wconf 86' lang='lat' dir='ltr'>pagg.</span> <span class='ocrx_word' id='word_1_243' title='bbox 1156 2181 1230 2213; x_wconf 82' lang='lat'>245.</span> <span class='ocrx_word' id='word_1_244' title='bbox 1251 2181 1332 2221; x_wconf 75' lang='lat'>6433</span> <span class='ocrx_word' id='word_1_245' title='bbox 1361 2179 1507 2221; x_wconf 84' lang='lat' dir='ltr'>Clemm,</span> <span class='ocrx_word' id='word_1_246' title='bbox 1533 2178 1634 2214; x_wconf 84' lang='lat' dir='ltr'>Curt.</span> <span class='ocrx_word' id='word_1_247' title='bbox 1653 2177 1756 2213; x_wconf 86' lang='lat' dir='ltr'>Stud.</span> 
     </span>
     <span class='ocr_line' id='line_1_30' title="bbox 285 2237 523 2281; baseline 0.008 -12"><span class='ocrx_word' id='word_1_248' title='bbox 285 2237 371 2271; x_wconf 87' lang='lat' dir='ltr'>VIII</span> <span class='ocrx_word' id='word_1_249' title='bbox 396 2248 430 2281; x_wconf 90' lang='lat' dir='ltr'>p.</span> <span class='ocrx_word' id='word_1_250' title='bbox 452 2240 523 2271; x_wconf 77' lang='lat'>116.</span> 
     </span>
    </p>

    <p class='ocr_par' dir='ltr' id='par_1_5' title="bbox 285 2286 1758 2504">
     <span class='ocr_line' id='line_1_31' title="bbox 396 2286 1757 2337; baseline -0.003 -10"><span class='ocrx_word' id='word_1_251' title='bbox 396 2295 425 2337; x_wconf 84' lang='lat'>2)</span> <span class='ocrx_word' id='word_1_252' title='bbox 458 2293 511 2327; x_wconf 70' lang='lat' dir='ltr'>Of.</span> <span class='ocrx_word' id='word_1_253' title='bbox 530 2292 640 2327; x_wconf 86' lang='lat' dir='ltr'>schol.</span> <span class='ocrx_word' id='word_1_254' title='bbox 658 2292 704 2326; x_wconf 86' lang='lat' dir='ltr'>ad</span> <span class='ocrx_word' id='word_1_255' title='bbox 722 2292 754 2326; x_wconf 89' lang='lat' dir='ltr'>h.</span> <span class='ocrx_word' id='word_1_256' title='bbox 770 2292 807 2335; x_wconf 87' lang='lat' dir='ltr'>l.;</span> <span class='ocrx_word' id='word_1_257' title='bbox 826 2290 951 2335; x_wconf 91' lang='lat' dir='ltr'>Apoll.</span> <span class='ocrx_word' id='word_1_258' title='bbox 968 2291 1078 2335; x_wconf 86' lang='lat' dir='ltr'>Soph.</span> <span class='ocrx_word' id='word_1_259' title='bbox 1097 2302 1125 2326; x_wconf 88' lang='lat' dir='ltr'>s.</span> <span class='ocrx_word' id='word_1_260' title='bbox 1139 2303 1172 2326; x_wconf 92' lang='lat' dir='ltr'>v.</span> <span class='ocrx_word' id='word_1_261' title='bbox 1191 2286 1358 2332; x_wconf 69' lang='grc' dir='ltr'>σπιδέοςς</span> <span class='ocrx_word' id='word_1_262' title='bbox 1379 2290 1490 2324; x_wconf 89' lang='lat' dir='ltr'>schol.</span> <span class='ocrx_word' id='word_1_263' title='bbox 1506 2290 1552 2324; x_wconf 86' lang='lat' dir='ltr'>ad</span> <span class='ocrx_word' id='word_1_264' title='bbox 1566 2289 1757 2334; x_wconf 86' lang='lat' dir='ltr'>Aristoph.</span> 
     </span>
     <span class='ocr_line' id='line_1_32' title="bbox 286 2344 1757 2393; baseline -0.003 -9"><span class='ocrx_word' id='word_1_265' title='bbox 286 2350 391 2393; x_wconf 89' lang='lat' dir='ltr'>Vesp.</span> <span class='ocrx_word' id='word_1_266' title='bbox 413 2353 464 2383; x_wconf 72' lang='lat'>18:</span> <span class='ocrx_word' id='word_1_267' title='bbox 494 2347 559 2383; x_wconf 82' lang='grc' dir='ltr'><strong><em>καὶ</em></strong></span> <span class='ocrx_word' id='word_1_268' title='bbox 586 2351 650 2383; x_wconf 84' lang='grc' dir='ltr'>τοῦ</span> <span class='ocrx_word' id='word_1_269' title='bbox 670 2347 790 2390; x_wconf 74' lang='grc' dir='ltr'><strong><em>σπίζω</em></strong></span> <span class='ocrx_word' id='word_1_270' title='bbox 816 2345 858 2382; x_wconf 78' lang='grc' dir='ltr'>τὸ</span> <span class='ocrx_word' id='word_1_271' title='bbox 887 2344 1062 2391; x_wconf 69' lang='grc' dir='ltr'><strong><em>ἐκτείνως</em></strong></span> <span class='ocrx_word' id='word_1_272' title='bbox 1093 2348 1177 2382; x_wconf 87' lang='lat' dir='ltr'>Hes.</span> <span class='ocrx_word' id='word_1_273' title='bbox 1202 2358 1229 2382; x_wconf 89' lang='lat' dir='ltr'>s.</span> <span class='ocrx_word' id='word_1_274' title='bbox 1248 2358 1280 2381; x_wconf 79' lang='lat' dir='ltr'>v,</span> <span class='ocrx_word' id='word_1_275' title='bbox 1300 2345 1469 2389; x_wconf 71' lang='grc' dir='ltr'><strong><em>σπίὸέοςς</em></strong></span> <span class='ocrx_word' id='word_1_276' title='bbox 1493 2357 1521 2380; x_wconf 90' lang='lat' dir='ltr'>s.</span> <span class='ocrx_word' id='word_1_277' title='bbox 1539 2356 1572 2380; x_wconf 86' lang='lat' dir='ltr'>V.</span> <span class='ocrx_word' id='word_1_278' title='bbox 1593 2344 1757 2390; x_wconf 69' lang='grc' dir='ltr'><strong><em>σπίδιονς</em></strong></span> 
     </span>
     <span class='ocr_line' id='line_1_33' title="bbox 287 2401 1758 2448; baseline -0.003 -9"><span class='ocrx_word' id='word_1_279' title='bbox 287 2417 313 2439; x_wconf 84' lang='lat' dir='ltr'>s.</span> <span class='ocrx_word' id='word_1_280' title='bbox 333 2416 367 2438; x_wconf 91' lang='lat' dir='ltr'>v.</span> <span class='ocrx_word' id='word_1_281' title='bbox 392 2401 539 2447; x_wconf 71' lang='grc' dir='ltr'>σπιδέςς</span> <span class='ocrx_word' id='word_1_282' title='bbox 574 2406 678 2439; x_wconf 90' lang='lat' dir='ltr'>Eust.</span> <span class='ocrx_word' id='word_1_283' title='bbox 706 2413 813 2447; x_wconf 86' lang='lat' dir='ltr'>pagg.</span> <span class='ocrx_word' id='word_1_284' title='bbox 839 2407 914 2448; x_wconf 64' lang='lat'>882,</span> <span class='ocrx_word' id='word_1_285' title='bbox 938 2406 989 2438; x_wconf 80' lang='lat'>23.</span> <span class='ocrx_word' id='word_1_286' title='bbox 1020 2406 1095 2447; x_wconf 78' lang='lat'>996,</span> <span class='ocrx_word' id='word_1_287' title='bbox 1119 2406 1170 2438; x_wconf 84' lang='lat'>22.</span> <span class='ocrx_word' id='word_1_288' title='bbox 1212 2401 1267 2438; x_wconf 85' lang='lat' dir='ltr'>Cf.</span> <span class='ocrx_word' id='word_1_289' title='bbox 1292 2402 1453 2445; x_wconf 85' lang='lat' dir='ltr'>Lobeck‚</span> <span class='ocrx_word' id='word_1_290' title='bbox 1484 2401 1758 2446; x_wconf 86' lang='lat' dir='ltr'>Paralipomena</span> 
     </span>
     <span class='ocr_line' id='line_1_34' title="bbox 285 2460 765 2504; baseline 0 -10"><span class='ocrx_word' id='word_1_291' title='bbox 285 2471 433 2504; x_wconf 86' lang='lat' dir='ltr'>gramm.</span> <span class='ocrx_word' id='word_1_292' title='bbox 451 2461 577 2495; x_wconf 85' lang='lat' dir='ltr'>Graec.</span> <span class='ocrx_word' id='word_1_293' title='bbox 596 2460 612 2493; x_wconf 93' lang='lat' dir='ltr'>I</span> <span class='ocrx_word' id='word_1_294' title='bbox 636 2472 671 2504; x_wconf 89' lang='lat' dir='ltr'>p.</span> <span class='ocrx_word' id='word_1_295' title='bbox 693 2464 765 2495; x_wconf 84' lang='lat'>161.</span> 
     </span>
    </p>

    <p class='ocr_par' dir='ltr' id='par_1_6' title="bbox 398 2515 854 2559">
     <span class='ocr_line' id='line_1_35' title="bbox 398 2515 854 2559; baseline -0.007 -7"><span class='ocrx_word' id='word_1_296' title='bbox 398 2519 428 2559; x_wconf 85' lang='grc'>3)</span> <span class='ocrx_word' id='word_1_297' title='bbox 460 2515 514 2552; x_wconf 87' lang='lat' dir='ltr'>Cf.</span> <span class='ocrx_word' id='word_1_298' title='bbox 538 2515 725 2551; x_wconf 86' lang='lat' dir='ltr'>Duentzer</span> <span class='ocrx_word' id='word_1_299' title='bbox 749 2527 783 2559; x_wconf 90' lang='lat' dir='ltr'>p.</span> <span class='ocrx_word' id='word_1_300' title='bbox 802 2520 854 2549; x_wconf 80' lang='lat'>30.</span> 
     </span>
    </p>

    <p class='ocr_par' dir='ltr' id='par_1_7' title="bbox 399 2571 923 2616">
     <span class='ocr_line' id='line_1_36' title="bbox 399 2571 923 2616; baseline -0.004 -9"><span class='ocrx_word' id='word_1_301' title='bbox 399 2574 427 2615; x_wconf 60' lang='grc'>4)</span> <span class='ocrx_word' id='word_1_302' title='bbox 461 2571 515 2607; x_wconf 87' lang='lat' dir='ltr'>Cf.</span> <span class='ocrx_word' id='word_1_303' title='bbox 540 2571 668 2616; x_wconf 86' lang='lat' dir='ltr'>Heyne</span> <span class='ocrx_word' id='word_1_304' title='bbox 694 2571 764 2605; x_wconf 91' lang='lat' dir='ltr'>V11</span> <span class='ocrx_word' id='word_1_305' title='bbox 790 2582 823 2615; x_wconf 92' lang='lat' dir='ltr'>p.</span> <span class='ocrx_word' id='word_1_306' title='bbox 850 2575 923 2606; x_wconf 77' lang='lat'>803.</span> 
     </span>
    </p>

    <p class='ocr_par' dir='ltr' id='par_1_8' title="bbox 289 2618 1758 2728">
     <span class='ocr_line' id='line_1_37' title="bbox 400 2618 1758 2671; baseline -0.004 -9"><span class='ocrx_word' id='word_1_307' title='bbox 400 2630 429 2671; x_wconf 78' lang='lat'>5)</span> <span class='ocrx_word' id='word_1_308' title='bbox 462 2629 611 2662; x_wconf 85' lang='lat' dir='ltr'>Erravit</span> <span class='ocrx_word' id='word_1_309' title='bbox 634 2627 822 2661; x_wconf 85' lang='lat' dir='ltr'>Duentzer</span> <span class='ocrx_word' id='word_1_310' title='bbox 846 2638 880 2670; x_wconf 88' lang='lat' dir='ltr'>p.</span> <span class='ocrx_word' id='word_1_311' title='bbox 899 2631 940 2661; x_wconf 82' lang='lat'>30</span> <span class='ocrx_word' id='word_1_312' title='bbox 966 2627 1048 2661; x_wconf 90' lang='lat' dir='ltr'>adn.</span> <span class='ocrx_word' id='word_1_313' title='bbox 1070 2630 1119 2670; x_wconf 76' lang='grc'>18,</span> <span class='ocrx_word' id='word_1_314' title='bbox 1145 2625 1207 2669; x_wconf 90' lang='lat' dir='ltr'>qui</span> <span class='ocrx_word' id='word_1_315' title='bbox 1232 2635 1356 2660; x_wconf 84' lang='lat' dir='ltr'>vocem</span> <span class='ocrx_word' id='word_1_316' title='bbox 1375 2618 1544 2658; x_wconf 74' lang='grc' dir='ltr'><strong><em>κάπετον</em></strong></span> <span class='ocrx_word' id='word_1_317' title='bbox 1569 2627 1758 2668; x_wconf 86' lang='lat' dir='ltr'>praeterea</span> 
     </span>
     <span class='ocr_line' id='line_1_38' title="bbox 289 2683 896 2728; baseline -0.002 -9"><span class='ocrx_word' id='word_1_318' title='bbox 289 2685 333 2719; x_wconf 84' lang='lat' dir='ltr'>ad</span> <span class='ocrx_word' id='word_1_319' title='bbox 357 2688 481 2728; x_wconf 89' lang='lat' dir='ltr'>partes</span> <span class='ocrx_word' id='word_1_320' title='bbox 505 2687 671 2718; x_wconf 88' lang='lat' dir='ltr'>vocatam</span> <span class='ocrx_word' id='word_1_321' title='bbox 697 2683 896 2718; x_wconf 87' lang='lat' dir='ltr'>contendit.</span> 
     </span>
    </p>

    <p class='ocr_par' dir='ltr' id='par_1_9' title="bbox 290 2735 1756 2841">
     <span class='ocr_line' id='line_1_39' title="bbox 401 2735 1756 2783; baseline -0.004 -8"><span class='ocrx_word' id='word_1_322' title='bbox 401 2742 430 2782; x_wconf 76' lang='grc'>6)</span> <span class='ocrx_word' id='word_1_323' title='bbox 463 2738 517 2775; x_wconf 83' lang='lat' dir='ltr'>Cf.</span> <span class='ocrx_word' id='word_1_324' title='bbox 543 2737 671 2774; x_wconf 89' lang='lat' dir='ltr'>Ameis</span> <span class='ocrx_word' id='word_1_325' title='bbox 702 2739 748 2773; x_wconf 89' lang='lat' dir='ltr'>ad</span> <span class='ocrx_word' id='word_1_326' title='bbox 773 2739 804 2773; x_wconf 89' lang='lat' dir='ltr'>h.</span> <span class='ocrx_word' id='word_1_327' title='bbox 831 2740 870 2783; x_wconf 80' lang='lat' dir='ltr'>l.;</span> <span class='ocrx_word' id='word_1_328' title='bbox 906 2739 1012 2774; x_wconf 85' lang='lat' dir='ltr'>Faesi</span> <span class='ocrx_word' id='word_1_329' title='bbox 1037 2739 1082 2773; x_wconf 88' lang='lat' dir='ltr'>ad</span> <span class='ocrx_word' id='word_1_330' title='bbox 1108 2737 1140 2772; x_wconf 93' lang='lat' dir='ltr'>h.</span> <span class='ocrx_word' id='word_1_331' title='bbox 1167 2738 1205 2781; x_wconf 83' lang='lat'>1.;</span> <span class='ocrx_word' id='word_1_332' title='bbox 1242 2737 1406 2780; x_wconf 74' lang='lat' dir='ltr'>EbeHng,</span> <span class='ocrx_word' id='word_1_333' title='bbox 1439 2738 1525 2770; x_wconf 88' lang='lat' dir='ltr'>Lex.</span> <span class='ocrx_word' id='word_1_334' title='bbox 1548 2735 1652 2770; x_wconf 87' lang='lat' dir='ltr'>Hom.</span> <span class='ocrx_word' id='word_1_335' title='bbox 1676 2745 1703 2769; x_wconf 87' lang='lat' dir='ltr'>s.</span> <span class='ocrx_word' id='word_1_336' title='bbox 1722 2745 1756 2770; x_wconf 92' lang='lat' dir='ltr'>v.</span> 
     </span>
     <span class='ocr_line' id='line_1_40' title="bbox 290 2791 1755 2841; baseline -0.003 -10"><span class='ocrx_word' id='word_1_337' title='bbox 290 2796 467 2841; x_wconf 68' lang='grc' dir='ltr'><strong><em>κυάνεοςς</em></strong></span> <span class='ocrx_word' id='word_1_338' title='bbox 507 2797 698 2840; x_wconf 81' lang='lat' dir='ltr'>Schuster‚</span> <span class='ocrx_word' id='word_1_339' title='bbox 730 2795 882 2829; x_wconf 88' lang='lat' dir='ltr'>Homers</span> <span class='ocrx_word' id='word_1_340' title='bbox 914 2793 1150 2841; x_wconf 82' lang='lat' dir='ltr'>Auffassung</span> <span class='ocrx_word' id='word_1_341' title='bbox 1185 2793 1262 2833; x_wconf 85' lang='lat' dir='ltr'>und</span> <span class='ocrx_word' id='word_1_342' title='bbox 1293 2792 1486 2832; x_wconf 81' lang='lat' dir='ltr'>Gebrauch</span> <span class='ocrx_word' id='word_1_343' title='bbox 1519 2792 1583 2827; x_wconf 87' lang='lat' dir='ltr'>der</span> <span class='ocrx_word' id='word_1_344' title='bbox 1615 2791 1755 2830; x_wconf 83' lang='lat' dir='ltr'>Farben</span> 
     </span>
    </p>
   </div>
  </div>
 </body>
</html>
