1830 3201
288 181 339 216 22

590 290 647 323 ΙΙ.
685 290 750 324 De
783 288 948 323 omisso
981 288 1160 324 obiecto
1192 288 1307 340 νῆα,
1338 287 1465 337 νέας.

400 379 570 417 Verbum
603 391 690 416 cum
722 379 796 417 hoe
827 379 983 416 obiecto
1015 380 1171 417 nonnisi
1203 380 1242 416 in
1265 378 1444 429 Odyssea
1474 382 1616 432 legitur
1646 382 1764 432 idque

286 446 323 483 in
356 445 492 483 mediis
525 446 608 483 eius
639 445 829 494 partibus.

399 534 435 560 α.
475 522 678 561 Obiectum
710 535 797 560 cum
820 524 993 572 epitheto
1016 525 1171 563 ornanti
1202 526 1450 564 coniunctum
1475 530 1544 575 est,
1575 529 1617 564 ut
1646 519 1765 577 εὔερ-

288 587 377 641 γέα,
411 586 635 640 μέλαιναν,
668 580 965 640 (ἔμφιελίσσαςε
1003 603 1016 627 ι
1040 595 1137 641 2793
1168 604 1194 628 κ
1217 595 1286 642 91;
1318 591 1342 629 λ
1366 596 1428 632 70.
1489 594 1641 641 Quibus
1670 594 1766 632 locis
1820 591 1821 594 ’

286 659 447 697 verbum
485 663 598 696 sonat
640 658 803 707 „navim,
839 671 960 696 naves
998 659 1206 708 dirigere“.
1265 661 1382 698 Notio
1416 673 1510 699 vero
1547 661 1766 699 sustinendi
1819 662 1821 695 ἓ

286 727 347 763 vel
380 725 573 764 retinendi
609 728 849 774 agnoscatur
886 730 1043 775 oportet
1079 737 1105 762 κ
1134 729 1202 765 95;
1241 717 1378 778 αὐτὰρ
1410 721 1521 778 ἐγών
1553 720 1645 773 οἷος
1676 723 1766 777 σχέ-
1819 769 1820 773 Ἰ

287 794 376 830 θον
407 786 490 840 ἔξω
523 790 602 843 νῆα
633 787 854 841 μέλαιναν.

398 870 431 908 h.
471 870 675 909 Obiectum
708 883 727 908 e
761 873 946 909 contextu
978 872 1105 910 elucet
1137 883 1161 922 γ
1187 875 1281 911 182:
1314 862 1455 923 αὐτὰρ
1488 866 1572 923 ἐγώ
1598 884 1645 923 γε
1678 866 1766 910 Πύ-

287 929 407 975 λονδ)
432 931 531 988 ἔχον
565 938 815 986 „navigavi“,
846 951 960 988 quem
982 939 1108 977 locum
1137 940 1309 979 Seilerus
1338 941 1377 978 in
1399 953 1562 979 numero
1583 941 1765 979 intransi-

286 1006 454 1043 tivorum
486 1016 565 1042 non
596 1004 737 1042 iniuria
768 1004 888 1042 duxit.

400 1073 450 1110 Ut
476 1071 551 1110 iam
574 1065 833 1108 σύνελαίνω
864 1072 902 1109 in
925 1073 1211 1121 generaliOrem
1240 1075 1431 1113 abscessit
1458 1075 1654 1113 notionem
1677 1087 1766 1112 con-

286 1139 491 1188 grediendi
532 1141 570 1176 et
606 1134 791 1188 στρέφω,
828 1128 1096 1188 ὑποστρέφω
1138 1153 1184 1178 ex
1221 1142 1382 1191 propria
1415 1142 1451 1179 vi
1490 1154 1535 1179 ac
1572 1144 1766 1191 potestate

286 1219 408 1255 equos
439 1207 501 1244 vel
532 1218 654 1243 naves
686 1206 867 1244 vertendi
903 1208 941 1244 in
979 1208 1267 1256 generaliorem
1305 1209 1502 1247 notionem
1542 1208 1764 1247 revertendi

285 1274 451 1322 transiit,
483 1274 536 1311 ita
567 1273 794 1322 principalis
821 1274 927 1312 notio
950 1275 1199 1312 intransitiva
1220 1276 1329 1314 verbi
1360 1288 1407 1314 ex
1439 1277 1562 1325 ellipsi
1595 1277 1765 1314 obiecto-

286 1354 369 1379 rum
402 1336 565 1384 ἵππους
601 1343 669 1378 aut
700 1337 784 1390 νῆα
815 1341 975 1379 suborta
1014 1355 1090 1380 non
1123 1343 1247 1381 solum
1286 1343 1333 1380 de
1365 1344 1475 1392 equis
1506 1343 1569 1381 vel
1600 1343 1766 1381 navibus

286 1407 514 1456 dirigendis,
549 1407 618 1445 sed
651 1408 766 1445 etiam
806 1408 854 1445 de
885 1420 1002 1446 cursu
1043 1409 1234 1459 cuiusque
1264 1410 1421 1459 generis
1457 1409 1664 1459 dirigendo
1701 1410 1766 1448 ad-

286 1477 407 1513 hibita
438 1478 507 1512 est.
566 1475 651 1512 Hoc
681 1475 800 1523 igitur
831 1476 946 1514 modo
985 1476 1154 1514 efficitur
1192 1478 1298 1515 notio
1330 1477 1611 1527 progrediendi
1648 1480 1686 1515 et
1715 1478 1766 1515 ir-

286 1541 502 1592 rumpendi.
554 1541 713 1581 N326:
751 1540 861 1579 νῶιν
892 1532 929 1580 d’
952 1530 1028 1580 οἷδ’
1050 1534 1116 1580 ἐπ’
1140 1533 1327 1594 ἅριστέρ)
1350 1537 1416 1594 ἔχε
1449 1541 1664 1594 στρατοῦ;
1703 1544 1766 1582 hic
1818 1593 1819 1598 1

284 1610 478 1648 Meriones
516 1610 564 1647 ab
603 1609 814 1648 Idomeneo
853 1610 1008 1648 iubetur
1046 1611 1260 1660 antegredi.
1313 1623 1337 1661 χ
1367 1614 1434 1650 75:
1472 1605 1543 1648 ἐπὶ
1579 1600 1767 1662 δἀύτῷ

284 1670 445 1721 πάντες
478 1670 654 1726 ἔχωμεν,
688 1678 752 1723 „in
775 1689 861 1715 eum
894 1690 1028 1716 omnes
1060 1679 1329 1717 invadamus“.
1381 1679 1438 1717 Of.
1466 1690 1491 1715 τ
1514 1681 1582 1717 71:
1619 1673 1764 1728 δαιμο-
1818 1670 1819 1697 ³

285 1741 366 1795 νίη,
404 1740 445 1780 τί
474 1755 547 1793 μοι
586 1736 661 1780 (ὁδ’
683 1739 848 1793 ἐπέχεις
884 1736 1117 1795 κεκοτηότι
1149 1744 1302 1797 θυμῷ,·
1339 1746 1404 1784 ubi
1434 1741 1604 1795 ἐπέχειν
1641 1748 1766 1783 trans-

284 1812 359 1850 late
392 1811 438 1849 de
472 1811 693 1849 invehendo
724 1812 762 1848 in
793 1812 972 1860 aliquem,
1004 1812 1026 1849 i.
1055 1825 1086 1850 e.
1117 1812 1360 1861 increpando
1393 1812 1545 1850 dicitur.

396 1889 589 1927 Ameisius
621 1890 669 1927 ad
699 1901 725 1926 τ
748 1893 797 1928 71
831 1893 869 1928 et
898 1891 1108 1928 Passovius
1139 1891 1176 1928 in
1209 1891 1336 1929 lexico
1366 1890 1480 1937 su01)
1518 1890 1620 1928 hane
1651 1902 1765 1939 gene·
1818 1886 1819 1895 ¹

285 1957 464 1995 raliorem
489 1957 683 1995 notionem
716 1957 792 1994 alia
814 1957 875 1994 via
904 1961 1023 2007 atque
1052 1970 1108 2003 ea,
1140 1970 1255 2007 quam
1288 1970 1362 2007 ego
1393 1958 1595 2006 descripsi,
1624 1969 1766 2006 nempe
1818 1977 1819 2006 3

286 2038 332 2062 ex
366 2025 488 2073 ellipsi
520 2025 671 2069 obiecti,
713 2027 755 2062 ut
783 2018 917 2071 τόξον
955 2025 1016 2062 vel
1055 2025 1264 2064 cuiuslibet
1300 2026 1377 2074 teli,
1415 2037 1584 2074 quocum
1621 2036 1766 2073 genere

287 2093 527 2130 obiectorum
561 2085 643 2140 ἔχω
677 2104 795 2141 saepe
828 2094 1102 2142 coniungatur,
1134 2098 1264 2131 natam
1290 2104 1374 2130 esse
1406 2095 1620 2131 autumant.
1679 2093 1765 2129 Hoc
1817 2121 1818 2125 ,

287 2173 432 2209 negare
454 2161 570 2197 nolim
603 2161 654 2197 illi
678 2161 952 2199 intransitivae
975 2161 1123 2199 notioni
1152 2162 1253 2198 hanc
1279 2160 1399 2198 fuisse
1421 2172 1536 2210 posse
1557 2161 1765 2209 originem;

287 2230 327 2264 at
357 2230 485 2265 tamen
518 2228 643 2265 altera
674 2228 891 2277 explicatio,
922 2241 1038 2277 quam
1070 2229 1154 2277 ipse
1185 2227 1287 2277 dedi,
1317 2228 1565 2265 verisimilior
1596 2227 1764 2265 videtur.
1817 2231 1818 2236 ’

288 2296 440 2332 Etenim
468 2295 554 2332 illae
577 2295 765 2333 dictiones
791 2289 939 2345 ,ἔχειῆ
961 2290 1130 2345 ἐπέχειν
1150 2288 1285 2344 τόξον
1306 2296 1369 2332 vel
1392 2295 1594 2344 quodlibet
1615 2294 1759 2333 telum“
1817 2321 1818 2346 ἶ

289 2363 336 2400 ab
368 2363 528 2400 Homeri
560 2375 739 2401 sermone
771 2364 920 2401 alienae
949 2367 1041 2401 sunt
1072 2366 1110 2401 et
1139 2366 1277 2413 postea
1303 2363 1457 2400 demum
1488 2362 1592 2400 haud
1614 2363 1668 2401 ita
1687 2362 1763 2401 fre·
1817 2355 1818 2375 ¹

289 2500 453 2549 ἔσχεθον
471 2514 553 2538 esse
570 2505 695 2538 aoristi
714 2505 982 2548 designatione.
1027 2505 1126 2547 Nam,
1153 2508 1193 2539 ut
1210 2504 1440 2539 Wentzelius
1456 2505 1536 2548 ipse
1558 2505 1763 2548 confitetur,

287 2557 463 2605 σχεθέειν
498 2570 542 2593 ex
568 2561 736 2603 analogia
760 2561 894 2595 formae
920 2557 1117 2606 ἐρέχθων,
1143 2571 1235 2605 quae
1261 2565 1359 2595 certe
1385 2565 1442 2596 est
1465 2573 1532 2605 pro
1549 2561 1763 2606 imperfecto

286 2617 464 2658 habenda,
495 2616 688 2650 formatum
725 2627 804 2651 esse
837 2622 969 2661 potest.
1017 2617 1165 2652 Curtius
1195 2618 1274 2661 ipse
1307 2614 1484 2661 σχεθέειν
1517 2618 1563 2652 ad
1587 2629 1762 2662 praesens

289 2669 451 2717 σχέθέω,
486 2673 585 2715 quod
616 2673 781 2707 similiter
805 2678 914 2717 atque
941 2670 1121 2715 εἰκαθέω,
1147 2670 1322 2718 ὀρεχθέω
1352 2674 1474 2708 fictum
1500 2678 1567 2718 est,
1597 2678 1634 2709 et
1658 2670 1762 2720 ἔσχε-

290 2732 363 2762 θον
388 2729 540 2771 eiusque
566 2726 700 2762 formas
726 2729 771 2762 ad
796 2740 970 2772 praesens
996 2726 1125 2774 σχέθω
1150 2728 1270 2764 refert.

403 2787 430 2824 ²)
455 2794 482 2818 s.
500 2795 533 2818 v.
556 2780 691 2828 ἐπέχω.
