1830 3201
279 185 357 220 214

278 294 396 344 quod,
427 296 615 343 quantum
648 291 802 336 scimus,
841 292 1015 339 exceptis
1048 290 1121 328 illis
1153 290 1306 328 duobus
1337 290 1432 329 locis
1462 290 1683 329 Pindaricis
1721 295 1760 328 et

277 362 381 412 apud
400 357 646 404 Pindarum¹)
669 361 706 396 et
724 358 829 408 apud
848 358 946 396 alios
964 358 1177 406 scriptores
1196 358 1342 407 legitur
1360 347 1640 406 ἀκροθίνια.
1682 357 1758 396 Sed

280 427 501 466 Zenodotus
533 428 640 463 certe
672 437 716 463 ea
737 426 774 463 in
796 436 838 462 re
872 425 1029 474 erravit,
1059 424 1164 473 quod
1196 424 1369 470 formam7
1402 437 1518 474 quam
1546 424 1603 463 bis
1625 425 1761 463 habuit

278 495 456 533 traditam
504 505 683 542 quaeque
731 495 891 541 propter
931 492 1101 530 rationes
1138 492 1319 530 metricas
1370 492 1497 540 aptior
1536 494 1595 530 est
1643 504 1759 541 quam

279 554 566 613 ἀκροθίνιαῖ),
596 561 779 609 removit3
812 573 899 598 nam
922 572 1038 598 causa
1060 572 1145 598 esse
1169 573 1245 598 non
1269 559 1438 609 videtur,
1470 572 1540 597 cur
1571 571 1761 609 negemus

278 631 491 669 Pindarum
526 618 747 678 ἀκρόθινα
779 627 931 666 abiecta
961 628 1092 666 littera
1119 627 1142 663 ΐ
1172 626 1440 673 exhibuisse.3)

391 697 526 735 Lectio
565 696 745 734 editionis
781 695 1027 733 Zenodoteae
1071 695 1278 733 exhibetur
1318 707 1435 745 porro
1473 695 1511 732 in
1550 695 1669 733 schol.
1708 694 1758 733 ad

278 765 338 804 Ol.
362 766 411 802 VI
436 767 500 812 91,
531 763 594 801 ubi
618 764 778 813 legitur:
814 756 1157 812 παμπορφύροις
1178 753 1361 810 ἀκτῖσιν]
1386 755 1636 814 Ζηνόδοτος
1656 755 1757 812 γρά-

278 844 346 881 φει
346 861 616 869 .........
650 861 655 866 .
692 820 790 867 ἀντὶ
826 828 909 867 τοῦ
947 826 1243 880 βεβρεγμένος.
1310 830 1388 867 Iam
1428 829 1521 879 quid
1562 831 1762 880 scripserit

278 899 516 945 Zenodotus,
546 898 732 936 traditum
762 910 839 936 non
869 901 938 947 est,
970 900 1012 936 ut
1032 898 1081 935 ad
1104 898 1350 936 coniecturas
1372 898 1421 935 sit
1443 897 1762 947 confugiendum,

280 968 309 1005 si
333 968 407 1005 hoc
429 966 585 1004 deloco
612 965 842 1003 iudicamus.
902 966 1031 1015 Atque
1064 969 1105 1003 ut
1137 977 1213 1003 non
1246 965 1422 1003 dicamus
1454 965 1500 1003 de
1532 965 1761 1003 Mommseni

281 1035 474 1073 sententia
505 1034 585 1071 fieri
609 1033 795 1083 potuisse,
825 1036 867 1071 ut
889 1032 1113 1071 Zenodotus
1144 1033 1307 1071 formam
1330 1028 1628 1084 βεβρεγμένος,
1661 1045 1762 1082 quae

280 1116 326 1140 ex
364 1103 552 1140 librorum
595 1101 830 1139 auctoritate
867 1100 1009 1149 legitur
1046 1113 1151 1139 nunc
1188 1101 1225 1138 in
1265 1100 1513 1149 editionibus,
1549 1101 1764 1139 correxerit

279 1171 316 1207 in
349 1165 656 1220 βεβραγμένος,
694 1168 799 1218 quod
838 1169 874 1206 in
907 1168 993 1206 cod.
1015 1168 1101 1206 Vat.
1123 1168 1157 1205 A
1188 1171 1226 1206 et
1253 1168 1355 1217 Aug.
1384 1169 1413 1206 B
1451 1168 1640 1218 scriptum
1678 1179 1763 1206 esse

281 1237 439 1276 videtur
468 1257 524 1263 —-
553 1249 641 1275 nam
675 1237 749 1275 hoc
781 1240 886 1274 certe
917 1237 1165 1274 librariorum
1190 1237 1314 1274 errori
1347 1234 1557 1282 debetur4)
1587 1256 1641 1261 —
1673 1248 1762 1274 con-

280 1307 477 1350 iecturam,
517 1317 632 1354 quam
671 1305 795 1342 altero
831 1304 916 1342 loco
955 1303 1118 1352 protulit
1156 1305 1431 1352 Mommsenus,
1469 1303 1645 1353 amplecti
1686 1315 1762 1341 non

282 1373 430 1411 dubito.
490 1373 661 1410 Pronum
687 1376 745 1409 est
776 1372 966 1420 suspicari
999 1370 1239 1408 Zenodotum
1262 1370 1472 1408 offendisse
1500 1371 1538 1408 in
1560 1371 1761 1408 notionum

281 1438 600 1486 coniunctione5)
634 1429 776 1476 ἀκτῖσι
808 1434 1093 1489 γ’)ἐβρεγμένος
1130 1439 1151 1475 i.
1180 1450 1210 1476 e.
1247 1434 1489 1486 „[violarum]
1522 1437 1641 1475 radiis
1678 1449 1762 1486 per·
1829 1449 1830 1454 ¹

283 1506 435 1544 fnsus“.
494 1507 573 1543 Iam
605 1505 635 1543 si
668 1507 831 1554 respicis
863 1518 949 1543 eum
983 1517 1053 1554 pro
1085 1500 1372 1555 βεβρεγμένος
1401 1504 1507 1542 aliud
1531 1504 1762 1542 vocabulum

283 1576 319 1612 in
359 1577 507 1613 textum
546 1574 760 1622 recepisse7
805 1585 883 1621 quo
922 1574 1049 1622 posito
1093 1573 1327 1611 sententiam
1364 1572 1632 1621 simpliciorem
1673 1583 1764 1621 pro·
1828 1602 1830 1605 .

283 1643 422 1680 cedere
461 1642 531 1680 sibi
570 1643 779 1691 persuasit,
818 1641 920 1678 haud
954 1641 1034 1679 scio
1078 1653 1125 1678 an
1166 1640 1415 1690 cogitandum
1454 1640 1502 1677 sit
1538 1640 1584 1677 de
1616 1636 1764 1690 βεβλη-
1827 1630 1828 1633 “

281 1707 465 1760 μένοςθ).
525 1710 601 1748 Sed
640 1710 713 1747 hac
753 1709 799 1747 de
839 1710 1021 1758 opinione
1062 1712 1261 1758 utcunque
1304 1708 1505 1757 iudicabis,
1540 1707 1635 1745 illud
1673 1707 1762 1744 mihi
1828 1724 1829 1749 γ

284 1778 440 1816 dubium
476 1791 551 1816 non
585 1780 653 1823 est,
685 1778 778 1826 quin
812 1776 1034 1814 Zenodotus
1065 1776 1234 1814 haeserit
1265 1776 1302 1813 in
1336 1776 1545 1813 verborum
1579 1775 1763 1813 coniunc-
1828 1815 1830 1823 s

284 1847 389 1884 tione
436 1836 577 1883 (ἷκτῖσι
622 1840 918 1894 βεβρεγμένος.
989 1844 1169 1882 Ceterum
1213 1844 1367 1881 omnino
1412 1843 1538 1881 locum
1583 1842 1681 1880 bene
1723 1853 1763 1879 se
1828 1840 1830 1849 '

285 1914 427 1952 habere
459 1913 606 1952 addere
637 1912 703 1950 vix
735 1923 834 1962 opus
866 1915 933 1949 est.

400 1981 578 2030 Denique
606 1979 654 2018 ad
678 1979 883 2018 editionem
907 1979 1121 2017 carminum
1146 1977 1440 2016 Pindaricorum
1468 1979 1622 2026 spectat
1643 1976 1764 2015 schol.

285 2048 335 2087 ad
357 2048 416 2087 Ol.
437 2049 492 2085 Ill
517 2050 580 2097 52,
612 2047 660 2085 de
682 2059 760 2096 quo
782 2058 902 2096 supra
924 2044 1139 2091 diximusff)
1201 2046 1280 2083 Iam
1312 2044 1507 2094 quomodo
1538 2043 1762 2082 Zenodotus

286 2117 359 2153 hoc
391 2117 427 2153 in
459 2116 543 2153 loco
575 2114 780 2153 tractando
819 2116 997 2152 versatus
1032 2114 1092 2162 sit,
1131 2113 1192 2150 ubi
1231 2124 1371 2150 cervae
1408 2112 1538 2151 aureis
1576 2111 1762 2149 cornibus

399 2237 427 2277 ¹)
457 2234 512 2269 Of.
537 2244 567 2268 e.
585 2244 637 2277 gr.
663 2233 763 2267 Nem.
782 2232 852 2266 VII
869 2235 921 2266 41.

397 2291 426 2335 2)
462 2289 635 2325 Concedo
663 2288 887 2323 Zenodotum
920 2287 1024 2321 metri
1056 2287 1157 2331 leges
1188 2296 1261 2320 non
1291 2286 1456 2329 laesisse3
1490 2285 1643 2329 cogitari
1669 2285 1762 2320 enim

286 2350 409 2390 potest
434 2342 638 2390 ἀκροθίνια
665 2355 685 2378 a
710 2344 868 2378 Pindaro
893 2339 1150 2387 τρισυλλάβως
1175 2351 1255 2376 esse
1280 2345 1505 2384 usurpatum.

398 2402 427 2446 ³)
458 2401 581 2436 Simile
606 2399 766 2435 occurrit
790 2400 827 2432 in
844 2408 934 2433 voce
955 2394 1100 2443 χλαρόν
1125 2392 1326 2442 (χλιαρόν),
1351 2397 1448 2440 apud
1465 2396 1569 2431 Pind.
1587 2395 1693 2442 Pyth.
1712 2395 1763 2429 IX

288 2461 340 2491 38.
388 2459 579 2492 Praeterea
605 2456 652 2491 cf.
678 2455 811 2497 Christ,
837 2454 971 2489 Metrik
996 2454 1061 2489 der
1086 2453 1265 2488 Griechen
1291 2463 1325 2487 u.
1346 2453 1490 2493 Romen
1515 2463 1551 2496 p.
1568 2454 1621 2486 22.

400 2516 427 2555 4)
459 2513 514 2547 Cf.
533 2511 677 2555 Veitch‚
703 2511 825 2546 Greek
850 2510 959 2545 verbs
985 2521 1019 2554 p.
1041 2513 1113 2545 143.

399 2571 428 2612 5)
461 2568 514 2604 Cf.
541 2578 633 2612 quae
660 2579 694 2612 p.
718 2570 775 2601 193
802 2567 847 2601 de
872 2566 1050 2600 vocabulo
1074 2561 1259 2611 βοτρυδόν
1283 2565 1528 2608 exposuimus.

399 2628 428 2667 6)
461 2623 515 2659 Cf.
533 2624 600 2659 Od.
615 2636 632 2658 ε
647 2626 725 2657 379:
753 2618 838 2657 οὐδὲ
858 2617 942 2656 ποτ’
956 2617 1093 2662 Ἠέλιος
1109 2618 1270 2665 φαέθων
1289 2616 1436 2655 α’κτῖσιν
1453 2616 1628 2665 ἔβαλλενς
1653 2632 1673 2653 τ
1686 2623 1763 2663 441;

290 2683 372 2716 Eur.
397 2681 523 2725 Suppl.
548 2683 628 2715 650:
656 2677 762 2719 ἀκτὶς
779 2674 885 2722 ἡλίου
905 2674 1040 2723 ἔβαλλε
1058 2681 1184 2721 γαῖαν;
1212 2676 1362 2711 Theocr.
1382 2676 1488 2710 XXII
1504 2680 1563 2711 86:
1591 2673 1761 2709 Βάλλετο

291 2734 481 2771 ἀκτίνεσσι
509 2739 586 2770 κτλ.

403 2795 429 2835 τ)
465 2791 518 2826 Cf.
544 2803 579 2835 p.
597 2794 671 2825 210.
