1830 3201
281 187 361 223 274

280 296 435 334 intersit
470 297 571 334 inter
602 299 679 333 tres
712 298 827 334 locos.
888 297 1003 343 Quod
1042 297 1090 334 ad
1123 298 1360 346 Hesychium
1398 300 1548 348 attinet,
1585 311 1671 336 cum
1702 300 1759 337 in-

282 363 443 412 scriptio
477 375 552 401 non
585 366 742 401 servata
773 364 832 411 sit,
869 376 955 401 eum
987 376 1009 401 a
1042 364 1207 412 Didymo
1240 365 1464 414 dependere
1501 366 1591 404 inde
1622 367 1760 415 elucet,

283 429 387 478 quod
427 430 488 466 hic
520 441 677 478 quoque
715 429 824 466 addit
855 423 933 467 δύο
966 425 1012 467 δέ
1042 430 1151 480 κτλ.;
1187 431 1418 480 appendicis
1455 435 1583 470 autem
1623 418 1760 471 au'etor

287 497 384 534 adeo
423 509 507 534 cum
546 497 680 534 eodem
720 497 911 546 congruit,
948 502 990 535 ut
1027 510 1102 536 non
1142 498 1263 536 solum
1301 511 1346 536 ea
1383 511 1484 547 quae
1520 500 1760 548 inscriptioni

284 564 523 601 antecedunt
554 564 601 600 ad
634 564 794 602 verbum
828 566 1140 614 transscripserit
1171 566 1309 604 omisso
1334 566 1564 614 Apollodori
1594 568 1762 616 nomine,

286 631 354 668 sed
386 631 500 668 etiam
532 632 569 668 in
602 632 858 680 inscriptione
890 633 975 680 ipsa
1013 632 1106 670 illud
1143 625 1312 682 Τάρσον
1342 644 1393 669 τε
1425 630 1508 670 καὶ
1539 624 1761 684 Ἀγχιάλην

284 703 322 736 ct
354 690 488 747 ὄχευε.
551 698 660 745 Quae
692 700 812 748 igitur
844 699 999 737 diversa
1031 700 1149 737 sunt?
1203 700 1375 737 Primum
1408 701 1512 749 quod
1544 702 1580 738 in
1614 701 1761 739 scholio

284 770 321 803 et
352 778 441 815 app.
470 766 537 803 BV
574 761 642 802 ἐπὶ
677 764 739 815 τῷ
771 759 899 816 frisso)
936 768 1173 816 insculptum
1211 779 1296 805 esse
1333 768 1570 816 epigramma
1606 768 1761 817 legitur,

285 833 389 881 apud
422 833 660 882 Hesychium
697 828 743 869 ἐν
763 826 967 883 μνήματι,
1002 835 1074 872 hoc
1105 835 1220 883 plane
1250 834 1352 872 idem
1384 837 1453 882 est,
1483 835 1673 873 vocabula
1702 847 1761 873 so-

285 900 362 936 lum
405 902 639 936 commutata
680 898 744 945 (cf.
775 901 932 938 Niesius
970 913 1004 949 p.
1036 904 1061 938 4
1099 900 1187 938 adn.
1218 898 1269 946 1).
1334 900 1456 947 Quam
1496 901 1544 939 ob
1581 913 1680 950 rem,
1721 905 1763 939 ut

285 979 370 1003 cum
401 966 600 1014 Hesychio
637 968 771 1016 utique
804 969 987 1016 congruit
1023 968 1226 1017 scholium,
1262 969 1309 1005 ab
1341 967 1569 1016 appendicis
1601 972 1763 1007 auctore

285 1046 366 1071 eam
405 1034 523 1072 solam
563 1035 682 1072 habet
718 1035 997 1084 differentiam,
1039 1040 1080 1073 ut
1118 1037 1155 1073 in
1197 1035 1345 1073 scholio
1384 1036 1568 1084 legantur
1606 1036 1644 1073 in
1686 1036 1762 1074 fine

287 1102 399 1138 haec:
440 1090 498 1145 (ὃς
528 1092 664 1138 τᾶλλα
696 1092 876 1147 οὐδενὸς
909 1095 1018 1150 ἄξια,
1057 1104 1094 1140 in
1126 1103 1359 1151 appendice:
1402 1092 1461 1147 ὡς
1496 1096 1550 1139 τά
1579 1114 1623 1152 γε
1657 1094 1764 1139 ἄλλα

286 1157 388 1204 οὐδὲ
421 1161 584 1205 τούτου
617 1160 732 1215 ἄξια·
772 1164 974 1205 τουτέστι
1010 1167 1092 1205 τοῦ
1123 1167 1214 1205 τῶν
1245 1161 1479 1205 δακτύλων
1517 1159 1764 1220 ἀποκροτή-

286 1243 438 1284 ματος·
471 1228 522 1272 τὸ
552 1228 632 1284 γὰρ
664 1229 843 1283 ἐφιστός
875 1234 938 1285 τῷ
968 1229 1156 1285 μνήματι
1189 1226 1359 1285 ἄγαλμα
1389 1225 1499 1285 ὑπὲρ
1530 1234 1607 1286 τῆς
1634 1248 1764 1284 κεφα-

287 1300 364 1351 λῆς
396 1295 495 1350 ἔχον
526 1296 603 1346 τὰς
631 1306 777 1352 χιῖρας
807 1300 1057 1353 πεποίηται,
1088 1292 1146 1347 ὡς
1178 1294 1231 1339 ἰέν
1264 1293 1524 1352 ἅποληκοῦν
1550 1307 1642 1348 τοῖς
1664 1299 1765 1340 δακ-

288 1363 446 1415 τύλοις,
479 1371 540 1407 cui
568 1371 783 1408 diversitati
816 1384 838 1408 a
869 1371 1022 1408 Naekio
1055 1384 1090 1419 p.
1113 1374 1193 1409 244
1226 1371 1382 1408 nimium
1415 1374 1510 1420 puto
1542 1371 1656 1408 tribui
1689 1384 1763 1409 mo-

289 1441 471 1474 mentum.
522 1437 597 1483 Qui
621 1449 705 1474 cum
729 1442 833 1475 recte
855 1438 973 1486 dicat,
1003 1438 1034 1474 si
1057 1430 1221 1474 τούτου
1245 1438 1411 1487 legatur,
1442 1438 1620 1475 eximiam
1644 1450 1764 1487 quan—

289 1503 374 1540 dam
409 1504 594 1541 exsistere
616 1505 717 1542 inter
739 1509 904 1542 statuam
928 1504 1203 1554 Sardanapalli
1233 1510 1271 1542 et
1292 1496 1583 1554 inscriptionem
1607 1516 1763 1553 respon-

285 1573 433 1609 sionem
467 1576 505 1609 et
538 1575 706 1610 mutuam
741 1573 1055 1621 explicationem,
1087 1573 1188 1610 hane
1210 1572 1289 1609 tolli
1313 1573 1360 1610 ab
1384 1573 1427 1609 iis
1450 1573 1516 1621 qui
1537 1573 1767 1622 scrIpserint

287 1628 478 1686 ofid'aero'g,
509 1641 547 1676 in
570 1651 615 1677 ea
637 1652 678 1677 re
710 1639 900 1688 deceptus
930 1644 998 1685 est,
1032 1639 1135 1688 quod
1169 1639 1218 1677 ab
1240 1639 1480 1689 Apollodoro
1510 1640 1632 1688 primo
1665 1640 1765 1677 hanc

286 1708 539 1745 mutationem
571 1710 682 1755 putat
713 1711 837 1744 ortam
872 1719 967 1744 esse.
1027 1708 1147 1745 Immo
1180 1719 1265 1744 cum
1298 1707 1510 1744 viderimus
1541 1707 1618 1744 alia
1649 1707 1766 1755 plane

287 1786 504 1823 congruere
534 1775 635 1812 inter
665 1774 851 1812 scholium
886 1778 923 1812 et
953 1775 1221 1823 appendicem,
1255 1774 1428 1812 dicemus
1459 1778 1526 1811 aut
1554 1773 1764 1823 Didymum

286 1843 408 1891 ipsum
450 1842 486 1878 in
526 1843 804 1891 commentario
847 1842 941 1879 satis
981 1842 1162 1879 habuisse
1199 1853 1355 1879 sensum
1394 1841 1604 1879 verborum
1642 1841 1765 1878 solum

286 1909 464 1954 reddere,
506 1922 590 1947 cum
632 1913 801 1947 verteret
838 1909 933 1947 illud
971 1902 1135 1946 τούτου
1172 1908 1262 1945 κτλ.
1301 1909 1338 1945 in
1376 1899 1573 1954 οὐδενός,
1613 1911 1692 1957 aut,
1728 1909 1765 1946 id

287 1978 393 2026 quod
432 1979 523 2015 mihi
560 1978 808 2015 verisimilius
846 1977 1010 2023 videtur,
1053 1992 1075 2014 a
1113 1978 1328 2025 posteriore
1366 1977 1517 2014 demum
1555 1977 1767 2014 scholiasta

289 2049 409 2083 ortam
442 2057 528 2083 esse
569 2047 669 2083 hanc
702 2046 966 2095 mutationem,
1004 2046 1070 2094 qui
1108 2046 1164 2082 sic
1194 2045 1300 2082 facili
1332 2056 1451 2093 opera
1483 2044 1767 2093 supersedebat

289 2113 417 2150 omnia
454 2114 536 2162 illa,
575 2125 676 2162 quac
714 2112 762 2150 de
800 2113 923 2161 figura
962 2113 999 2149 in
1040 2118 1288 2150 monumento
1326 2122 1509 2160 expressa
1548 2111 1766 2159 exstabant,

290 2180 518 2226 redde1·e.2³³)
588 2182 693 2229 Ergo
742 2193 881 2219 revera
928 2192 1078 2230 omnesx
1108 2184 1205 2228 tres,
1245 2179 1484 2228 Hesychius,
1529 2179 1766 2227 scholiastes,

290 2248 520 2297 appendicis
542 2251 680 2286 auctor
702 2248 750 2285 ad
774 2248 939 2286 eundem
964 2248 1172 2296 Didymum
1195 2245 1396 2284 recedunt.
1456 2246 1531 2293 Qui
1560 2258 1636 2294 quo
1658 2245 1765 2284 fonte

293 2328 384 2353 usus
422 2317 470 2353 sit
509 2316 722 2353 videamus.
787 2317 873 2365 Ipse
910 2316 933 2352 l.
963 2318 1013 2353 35
1055 2314 1337 2363 Apollodorum
1380 2314 1565 2362 nominat,
1606 2325 1684 2362 qua
1723 2325 1766 2350 re

404 2459 446 2498 23)
480 2457 519 2489 ln
546 2467 587 2490 ea
615 2457 726 2499 igitur
751 2466 788 2490 re
821 2467 900 2490 eum
929 2456 1050 2489 Niesio
1076 2456 1095 2489 l.
1115 2465 1145 2488 a.
1171 2465 1204 2497 p.
1226 2458 1264 2489 10
1298 2454 1499 2496 consentio,
1530 2454 1627 2497 quod
1652 2459 1765 2488 muta-

292 2514 425 2547 tionem
465 2524 535 2547 non
569 2513 797 2557 Apollodoro
834 2518 923 2557 puto
963 2524 1044 2547 esse
1076 2512 1315 2546 tribuendam.
1371 2511 1476 2551 Quod
1508 2514 1628 2544 autem
1667 2511 1765 2554 apuu

295 2569 525 2603 Plutarchum
558 2570 690 2612 legitur
719 2570 763 2603 de
789 2569 896 2603 Alex.
920 2570 1001 2603 virt.
1028 2569 1073 2611 11,
1091 2574 1109 2603 3
1130 2596 1137 2603 .
1163 2595 1170 2602 .
1197 2597 1203 2603 .
1231 2595 1237 2601 .
1262 2565 1324 2601 καὶ
1351 2572 1428 2607 τοῖς
1452 2563 1647 2607 δακτύλοις
1670 2561 1766 2610 ὑπὲρ

296 2629 355 2669 τῆς
381 2627 549 2669 κεφαλῆς
575 2619 654 2659 οἷον
680 2621 946 2669 dnouvorposvvtt
975 2621 1201 2669 ἕπιγραφέν·
1234 2620 1356 2664 ἔσθιε,
1388 2628 1483 2664 πῖνε,
1509 2620 1765 2667 ἀφροδισίαζε.

296 2678 409 2715 τᾶλλα
435 2680 471 2716 δὲ
500 2678 619 2723 οὐδέν,
652 2681 719 2715 hoc
751 2682 838 2714 nihil
870 2686 996 2716 contra
1027 2691 1139 2715 meam
1166 2679 1382 2714 sententiam
1415 2679 1514 2721 dicit,
1547 2689 1627 2712 cum
1659 2679 1766 2721 longe

293 2740 400 2782 absit,
432 2744 470 2773 ut
502 2739 558 2773 hic
589 2739 635 2773 ad
667 2738 817 2773 verbum
848 2737 1123 2782 inscriptionem
1154 2736 1298 2779 afferat,
1331 2739 1372 2769 ut
1402 2734 1489 2769 nihil
1522 2734 1592 2769 nisi
1623 2743 1765 2769 sensum

294 2796 434 2830 reddat.
