1815 3231
1434 154 1511 188 2⁴57

33 260 211 308 expulsio
246 273 307 298 res
340 262 487 299 suerint
518 262 721 310 graviores
758 266 796 299 et
831 276 852 298 a
885 263 1024 311 quibus
1056 263 1154 300 bene
1194 264 1365 311 potuerit
1398 263 1515 311 incipi

31 315 58 377 ἦ
79 319 237 373 στάσις,
265 328 350 366 aliis
372 329 444 365 illis
466 330 578 366 annis
602 330 798 377 neglectis.
862 331 902 366 ln
927 330 1151 367 universum
1174 330 1290 377 igitur
1313 330 1513 377 Ungerum

33 399 127 442 puto
160 398 308 433 rectum
343 397 496 442 vidisse,
529 400 571 433 ut
603 410 678 434 non
715 409 875 434 necesso
907 398 956 434 sit
986 399 1238 446 'l‘oepss'crum
1272 397 1516 435 artificiosius

33 465 213 511 agentem
248 464 494 501 uberioribus
527 465 702 502 refutari.
763 465 913 511 Quibus
943 465 1059 502 rebus
1087 466 1276 513 expositis
1308 466 1381 502 iam
1408 465 1516 501 vides

34 530 129 568 satis
161 530 402 580 singularem
437 544 522 569 esse
562 532 666 570 hunc
700 533 892 570 caleulum
932 537 970 569 et
1003 546 1077 570 non
1111 538 1184 570 tam
1219 534 1265 570 ad
1298 533 1517 582 tyrannidis

35 602 188 647 tempus
219 602 462 647 spectantem
496 613 612 649 quam
645 601 692 637 ad
718 601 1082 639 Alcmaeonidarum
1117 605 1155 639 et
1183 601 1515 639 Pisistratidarum

33 666 259 713 simultates,
292 667 338 705 de
371 680 450 716 qua
482 680 522 705 re
555 669 636 705 sola
669 669 822 706 loeutus
855 672 911 706 est
944 670 1149 706 Isocrates.
1212 671 1269 706 An
1305 670 1407 706 hunc
1439 670 1517 706 eal-

35 734 164 771 culum
209 735 411 772 Aristoteli
462 735 609 773 tribues
657 742 753 785 quot
799 749 922 774 annos
969 741 1201 786 regnassent
1250 737 1517 774 l'isistratidae

34 803 270 851 quaerenti?
321 803 369 840 Et
399 803 433 840 ei
456 803 626 852 quidem,
659 805 724 852 qui
758 805 794 841 in
816 805 983 852 politicis
1016 817 1082 842 eos
1111 806 1270 853 triginta
1292 808 1373 842 tres
1396 818 1519 842 annos

34 869 237 918 imperium
261 871 434 908 tenuisse
467 871 590 908 dixit?
651 871 764 918 Quod
793 872 873 909 fieri
899 884 1013 921 posse
1045 872 1224 921 equidem
1251 874 1383 921 utique
1406 886 1519 921 nego,

36 940 77 974 ut
98 950 301 975 numerum
326 950 484 987 quoque
507 942 733 987 corruptum
757 952 841 977 esse
865 941 937 977 iam
961 944 1161 989 appareat.
1210 941 1296 986 sed,
1320 944 1360 978 ut
1383 941 1455 978 iam
1480 941 1516 978 in

36 1004 260 1043 Aristotelis
277 1007 433 1043 nomine
448 1007 710 1055 quiescamus,
728 1007 881 1044 facilior
895 1011 1004 1056 patet
1020 1007 1155 1044 modus
1169 1008 1217 1044 ad
1234 1008 1360 1045 locum
1379 1020 1517 1045 sanan-

38 1072 141 1119 dum,
174 1085 288 1122 qnam
312 1086 427 1123 quem
450 1075 656 1123 proposuit
682 1074 887 1112 Nauckius
918 1068 976 1111 λε’
999 1076 1187 1112 scribens.
1249 1077 1400 1113 Etenim
1432 1089 1518 1113 eum

36 1142 269 1180 Aristoteles
290 1142 327 1179 in
351 1141 527 1179 Politicis
548 1143 631 1191 ipse
655 1142 760 1179 dicat
781 1143 1028 1180 Pisistratum
1051 1143 1313 1191 principatum
1338 1144 1519 1181 habuisse

36 1222 160 1247 annos
184 1212 247 1255 33,
279 1210 462 1248 exulasse
488 1213 550 1258 17,
581 1210 681 1248 filios
704 1222 892 1258 regnasse
914 1223 1037 1248 annos
1064 1214 1124 1257 18,
1156 1211 1218 1249 hic
1240 1231 1294 1236 —
1317 1224 1517 1249 numerum

36 1278 161 1327 ipsum
195 1278 267 1315 iam
297 1278 486 1316 indicavit
513 1278 711 1316 Meursius
744 1298 789 1302 <m
828 1282 922 1326 puto
955 1291 1037 1316 esse
1067 1280 1315 1317 scribendum
1349 1292 1418 1327 pro
1449 1272 1518 1328 μα’

36 1335 100 1383 να’
137 1346 204 1389 (=
229 1345 435 1394 18÷33),
466 1358 581 1395 quem
613 1347 805 1384 calculum
838 1347 874 1383 in
905 1346 1106 1395 republica
1133 1347 1430 1384 Atheniensium
1464 1359 1520 1384 sc-

37 1416 150 1452 cutus
182 1417 241 1451 est
271 1415 540 1463 philosophus.
602 1414 724 1461 Quem
760 1426 962 1451 numerum
1003 1415 1119 1463 plane
1152 1415 1265 1452 aliter
1302 1427 1343 1452 se
1377 1415 1519 1452 habere

38 1484 156 1531 atque
188 1482 304 1520 alium
337 1483 443 1520 illum
473 1485 524 1521 41
555 1483 676 1520 vides.
737 1482 934 1520 Scholium
967 1483 1092 1531 ipsum
1131 1483 1251 1532 igitur
1288 1496 1430 1520 novum
1464 1496 1520 1521 so-

38 1550 115 1587 lum
150 1550 422 1588 Eratosthenis
445 1563 648 1591 numerum
683 1550 858 1587 exhibet:
891 1551 954 1587 alii
978 1550 1051 1587 iam
1076 1550 1233 1587 aliunde
1257 1551 1401 1600 cogniti
1426 1556 1525 1588 sunt.

39 1616 115 1654 Sed
147 1620 189 1654 ut
212 1617 258 1654 ad
282 1618 402 1654 schol.
423 1618 516 1666 Lys.
541 1620 619 1656 619
650 1617 898 1663 accedamus,
930 1618 1102 1655 numeris
1124 1617 1183 1654 his
1206 1618 1394 1666 expositis
1423 1618 1524 1655 Clin-

38 1688 155 1722 tonus
188 1683 228 1730 (l.
256 1683 305 1730 a.)
345 1688 383 1723 et
415 1686 599 1734 Ungerus
631 1684 669 1731 (1.
692 1698 724 1722 a.
748 1688 843 1727 386)
882 1686 1080 1734 propriam
1116 1686 1189 1722 vim
1229 1686 1451 1722 tribuerunt
1489 1691 1526 1722 et

39 1764 105 1790 eos
144 1752 191 1789 ad
230 1753 430 1790 historiam
472 1753 776 1790 construendam
816 1752 1121 1801 usurpaverunt,
1162 1765 1246 1789 cum
1288 1753 1525 1796 Dindorfins,

40 1820 323 1869 Bernhardyus
339 1820 552 1866 (Eratosth.
574 1833 609 1869 p.
629 1818 737 1869 217),
764 1821 997 1869 Toepfferus
1023 1821 1062 1865 (l.
1080 1833 1112 1856 a.
1136 1833 1170 1868 p.
1193 1823 1271 1857 1:30
1289 1821 1375 1857 adn.
1400 1823 1435 1864 1)
1459 1834 1525 1857 cos

40 1887 152 1925 foede
175 1892 382 1937 corruptos
413 1889 485 1926 rati
518 1889 733 1926 secundum
756 1888 876 1925 schol.
898 1890 1011 1937 Vesp.
1042 1889 1184 1936 corrigi
1210 1889 1356 1934 malint,
1387 1879 1421 1924 τ’
1455 1901 1526 1936 pro

38 1948 86 2005 γ’,
125 1948 196 2004 μα’
230 1952 389 2003 (Bernh.
419 1949 478 2005 μ’)
515 1969 587 2006 pro
621 1947 669 2000 δ’,
717 1949 775 2000 λς’
808 1969 878 2005 pro
911 1946 940 1999 ς’
983 1956 1209 1992 scribentes.
1277 1957 1324 1992 Et
1362 1956 1526 2004 primum

42 2023 198 2071 quidem
230 2024 442 2072 permirum
466 2027 582 2069 esset,
614 2024 720 2072 quod
743 2023 892 2061 initium
922 2024 1036 2060 huius
1059 2023 1193 2060 scholii
1218 2036 1237 2059 e
1261 2023 1380 2060 verbo
1403 2027 1529 2060 trans-

43 2090 232 2138 scriptum
251 2093 355 2128 esset
376 2103 396 2128 e
419 2091 537 2128 schol.
552 2092 670 2139 Vesp.
688 2093 783 2139 502,
805 2091 840 2128 in
864 2090 939 2128 fine
959 2103 1060 2127 nova
1081 2090 1336 2128 adderentur.
1376 2090 1529 2128 Deinde

44 2156 105 2194 fac
136 2157 196 2195 his
224 2158 355 2195 verbis
388 2158 543 2196 ostendi
575 2159 624 2196 ad
656 2159 771 2196 unius
800 2159 968 2207 Hippiae
1000 2158 1245 2206 tyrannidem
1279 2158 1400 2195 fratre
1432 2171 1528 2195 mor-

41 2227 123 2273 tuo,
153 2237 202 2262 ne
224 2227 304 2263 tum
329 2226 486 2274 quidem
510 2229 616 2264 reete
639 2238 680 2263 se
702 2226 860 2273 habent,
891 2238 976 2263 cum
1010 2225 1236 2262 Herodotus
1261 2227 1302 2273 V,
1325 2228 1376 2263 55
1410 2226 1530 2263 dicat:

40 2286 147 2342 μετὰ
177 2291 317 2330 ταῦτα
347 2293 524 2341 (mortem
559 2292 790 2343 Hipparchi)
824 2286 1173 2342 ἐτυραννεύοντο
1206 2282 1428 2344 ,Ἀθηναῖοι
1462 2284 1529 2330 ἐπ’

43 2352 139 2396 ἔτεα
170 2356 356 2410 τέσσαρα
388 2350 519 2398 οὐδὲν
539 2349 677 2410 ἧσσον
709 2350 820 2397 ἀλλὰ
842 2356 913 2396 καὶ
935 2358 1106 2408 μᾶλλον
1135 2350 1160 2407 ἢ
1182 2352 1270 2409 πρὸ
1294 2357 1392 2405 τοῦ,
1424 2360 1530 2397 Thu-

44 2426 207 2475 cydides
235 2428 301 2477 VI,
329 2430 381 2466 59
422 2421 723 2478 τυραννεύσας
756 2422 829 2477 ἔτη
867 2423 967 2475 τρία
1000 2415 1170 2472 Ἱππίας
1211 2423 1284 2463 καὶ
1314 2423 1531 2471 memmi,-

43 2488 90 2530 ἐν
121 2491 185 2544 τῷ
215 2485 425 2545 τετάρτῳ,
466 2507 532 2533 sex
564 2499 694 2533 autem
728 2506 852 2532 annos
888 2495 1013 2531 solum
1047 2494 1228 2542 Hippiam
1269 2494 1529 2543 principatum

45 2560 260 2599 obtinuisse
304 2575 415 2600 nemo
459 2565 595 2601 auctor
636 2561 750 2606 sitls)
822 2563 961 2609 ltaque
1003 2573 1107 2610 cum,
1148 2561 1340 2610 quidquid
1381 2562 1533 2609 statuis,

161 2658 202 2699 13)
234 2657 322 2691 Nam
349 2662 390 2691 ut
414 2659 555 2701 magnis
578 2657 841 2702 panathenaeis
869 2657 905 2699 (i.
924 2667 955 2690 e.
975 2656 1296 2699 hecatombaeone)
1323 2658 1445 2699 514'13
1473 2667 1531 2691 oc—

44 2712 157 2746 cisum
190 2722 272 2748 esse
304 2713 553 2757 Hipparchum
587 2714 722 2747 docent
757 2712 890 2746 Herod.
914 2711 959 2753 V,
985 2716 1037 2755 56,
1069 2711 1184 2745 Thuc.
1210 2711 1272 2751 VI,
1299 2715 1351 2753 56,
1388 2712 1439 2746 ita
1469 2716 1533 2746 51o

47 2768 215 2809 Hippiam
248 2769 439 2812 expulsum
473 2779 555 2804 esse
588 2769 695 2803 iidem
729 2768 888 2811 probant
925 2767 1074 2811 (Herod.
1095 2767 1138 2810 V,
1164 2771 1216 2810 55,
1247 2767 1531 2811 '1‘hue.V1,59).

1266 2834 1325 2869 18*
