1815 3231
1458 183 1536 219 289

57 297 244 345 vetamur,
281 296 507 344 praesertim
548 307 633 332 cum
674 296 794 333 multo
833 294 983 333 facilius
1014 296 1063 333 sit
1094 296 1304 345 explicatu,
1340 296 1536 345 quomodo

55 363 286 412 irrepserint
322 363 360 401 in
397 366 546 401 textum
584 363 703 402 verba
740 366 816 402 tam
849 365 993 402 usitata
1032 377 1148 413 quam
1187 364 1383 414 quomodo
1421 366 1536 404 inter-

55 430 231 470 ciderInt.

172 497 238 545 13)
282 499 343 537 Ad
366 499 527 536 verbum
549 498 823 547 Thucydidem
848 500 911 549 VI,
936 502 997 549 12,
1021 504 1042 539 2
1072 501 1282 549 exscripsit
1303 500 1424 538 schol.
1447 501 1536 538 Pac.

54 570 136 607 450
167 568 190 605 l.
211 564 448 617 49ffl52¹÷·)‚
482 567 545 605 ubi
578 567 696 605 verba
728 567 860 616 aliqua
882 580 927 605 ex
950 572 1063 617 parte
1096 569 1252 606 omnino
1284 581 1401 606 sensu
1424 580 1537 606 cassa

54 636 102 673 ab
134 636 317 673 historico
356 635 583 678 medicinam
623 639 792 673 sumunt.
855 637 981 674 Unum
1021 636 1126 685 quod
1165 637 1202 673 in
1236 648 1395 674 censum
1430 638 1537 675 venit

53 707 113 742 est
142 703 239 740 illud
272 700 337 753 τῷ
365 701 441 753 τῆς
463 696 635 747 muz-mg
656 696 852 753 κινδύνῳ
882 694 1305 754 (ineiczglyto&movsen
1337 704 1406 751 (=
1428 705 1536 754 igno-

53 771 166 809 bilem
189 770 302 820 fieri),
333 770 437 820 quod
470 784 517 809 ex
540 763 922 820 {Mocfmroiiveffi‘lac
954 772 1023 818 (z
1053 785 1093 810 se
1115 773 1275 815 iactare)
1308 776 1535 821 corruptum

52 851 138 878 esse
182 839 324 888 probat
363 842 402 876 et
433 851 574 876 sensus
616 843 654 877 et
684 839 974 878 antecedentia:
1016 832 1139 885 ὅπως
1179 838 1421 889 θαηιιασθῄ
1459 836 1538 890 μὲι.»

52 898 142 945 ἀπὸ
181 904 257 958 τῆς
297 901 610 957 ἱπποτροφίας.
680 908 831 946 Deinde
873 908 1043 946 eiusdem
1083 908 1217 946 scholii
1261 909 1281 945 l.
1312 911 1438 947 54-
1461 910 1483 947 l.
1513 913 1535 948 2

51 975 335 1024 transscriptae
377 978 468 1013 sunt
507 987 527 1013 e
568 974 693 1013 Thuc.
723 977 787 1025 VI,
818 978 880 1023 16,
913 979 946 1025 1,
991 988 1075 1013 cum
1116 976 1253 1014 scholii
1296 977 1538 1026 insequentis

52 1046 207 1081 auctor:
245 1035 382 1080 πάλιν
420 1036 531 1093 πρὸς
563 1032 845 1094 Ἀλκιβιάδην,
887 1038 977 1080 §mi
1017 1037 1128 1093 πρὸς
1161 1040 1536 1094 Αακεὸἀψουίους

50 1103 206 1161 φυγών
237 1106 375 1155 αἴτιος
403 1106 574 1160 ἐγένετο
606 1109 688 1147 τοῦ
710 1107 940 1148 Δεκέλειαν
971 1101 1135 1155 (εὖτ-οὐ,-
1166 1106 1436 1161 ἐπιτειχίσαι·
1469 1106 1535 1149 διὸ

50 1174 122 1215 καὶ
163 1175 330 1215 δοῦλον
362 1167 499 1215 αὖτὸυ
535 1177 662 1215 amiel
703 1172 774 1216 διὰ
804 1169 885 1229 τὴν
915 1172 1153 1228 Κοισῦραν,
1193 1170 1286 1229 ἥτις
1318 1173 1453 1231 doeh)
1484 1167 1537 1231 ἦν

50 1238 110 1291 ὥς
141 1253 275 1297 φησιν
306 1241 353 1283 ἐι)
384 1242 661 1294 Νεφέλαιςῗθ)
699 1246 763 1292 (ef.
795 1247 913 1285 schol.
936 1247 1039 1284 Nub.
1064 1250 1115 1286 46
1149 1247 1171 1285 l.
1193 1246 1233 1293 2)
1271 1259 1316 1285 ea
1355 1260 1455 1297 quae
1487 1261 1535 1285 ex

50 1314 212 1352 historia
242 1315 356 1352 affert
393 1314 522 1352 hausit
553 1326 573 1352 e
604 1314 729 1352 Thuc.
754 1316 817 1362 VI,
848 1317 911 1364 93,
941 1317 976 1355 2,
1016 1317 1058 1352 ut
1095 1315 1315 1353 luculenter
1345 1317 1536 1365 probatur

51 1396 123 1422 usu
146 1383 326 1422 vocabuli
349 1378 634 1433 ἐπιτειχίζειν.
698 1383 892 1432 Ceterum,
924 1382 962 1420 id
995 1383 1100 1432 quod
1134 1384 1246 1421 etiam
1279 1383 1434 1422 maioriS
1457 1397 1535 1422 mo-

50 1451 167 1489 menti
200 1453 269 1497 est,
302 1452 377 1490 iam
409 1451 456 1488 ab
480 1451 711 1490 Aristarcho
743 1450 1015 1500 Thucydidem
1048 1451 1085 1488 in
1110 1463 1221 1489 usum
1244 1455 1425 1490 vocatum
1449 1465 1534 1491 esse

50 1519 164 1558 docet
193 1519 315 1558 schol.
338 1520 437 1557 Ran.
462 1522 568 1558 1422
599 1519 623 1557 l.
645 1521 710 1569 32,
742 1519 807 1557 ubi
838 1519 939 1558 idem
973 1514 1247 1569 ἐπιτειχίζειν
1277 1520 1428 1569 legitur.
1475 1521 1533 1558 De

50 1588 200 1626 scholio
231 1588 316 1637 ipso
348 1587 453 1625 infra
484 1587 621 1625 dicam.

164 1654 231 1702 14)
274 1655 427 1694 Deinde
457 1655 506 1693 ad
529 1656 693 1694 verbum
726 1656 1010 1706 transscriptus
1032 1658 1091 1694 est
1112 1656 1321 1694 historicus
1352 1657 1390 1694 in
1412 1657 1534 1695 schol.

47 1725 137 1762 Pac.
159 1726 252 1773 479,
290 1724 354 1761 ubi
386 1724 409 1762 1.
438 1726 488 1762 52
502 1726 615 1762 *54
652 1722 823 1762 reddunt
852 1724 976 1761 Thuc.
1003 1723 1069 1773 IV,
1098 1727 1187 1770 117,
1216 1727 1250 1763 2.
1310 1725 1440 1763 Unum
1473 1726 1535 1762 hic

49 1794 179 1829 exstat
209 1803 288 1840 quo
320 1791 574 1830 veliementer
603 1804 624 1828 a
646 1791 892 1840 Thucydidis
914 1793 1023 1829 textu
1054 1791 1185 1830 differt
1215 1791 1420 1830 scholium:
1454 1786 1534 1838 ἕως

48 1851 122 1897 ὅτε
154 1847 177 1895 ὃ
201 1855 434 1909 Βρασίδας,
466 1872 537 1909 pro
568 1871 646 1908 quo
678 1859 796 1898 habet
826 1858 1070 1909 Thucydidis
1092 1863 1224 1898 textus
1257 1849 1317 1904 (ὃς
1339 1853 1399 1897 ἔτι
1423 1849 1446 1896 ὁ
1469 1859 1534 1907 Β,

48 1929 95 1967 de
127 1939 205 1978 qua
236 1928 458 1966 differentia
495 1927 765 1967 Schroederus
803 1928 899 1966 nihil
930 1928 1092 1967 addidit.
1152 1929 1201 1966 Et
1236 1929 1415 1978 profecte
1454 1943 1531 1968 non

48 2008 210 2035 necesse
241 1998 299 2034 est
330 1996 450 2034 mult-a
480 1995 584 2034 addi.
645 1997 695 2035 Ut
727 1997 828 2034 enim
859 1996 984 2046 primo
1007 1999 1170 2046 aspectu
1198 1997 1325 2036 elucet
1355 1990 1436 2043 ἕως
1459 1988 1532 2035 ὅτε

48 2065 130 2103 sive
162 2058 243 2109 ἕως
274 2053 340 2102 ὅτ’
369 2062 433 2111 (R)
466 2065 589 2102 teneri
623 2077 699 2103 11011
732 2076 859 2114 posse,
896 2077 982 2102 cum
1020 2077 1138 2103 sensu
1170 2068 1314 2115 careat,
1350 2065 1417 2103 sed
1450 2079 1532 2104 mu-

47 2132 208 2170 tandum
252 2144 338 2171 esse
379 2132 417 2169 in
458 2125 539 2178 ἕως
575 2125 650 2180 ἔτι,
691 2133 743 2170 ita
781 2145 830 2170 ne
868 2125 949 2177 ἕως
986 2132 1142 2182 quidem
1183 2137 1290 2171 recte
1327 2145 1368 2171 se
1406 2133 1531 2180 habet,

47 2212 283 2250 quamquam
315 2201 442 2250 ipsum
476 2201 548 2238 hoc
580 2193 661 2245 ἕως
692 2212 714 2238 a
735 2199 952 2246 Reiskio‘ss)
985 2200 1121 2238 scholii
1154 2213 1231 2239 non
1260 2213 1428 2239 memore
1459 2214 1531 2251 pro

47 2260 106 2313 ὡς
146 2268 332 2318 scriptum
375 2270 444 2306 est.
512 2267 590 2307 Sed
639 2268 950 2306 luculentissima
990 2267 1222 2315 Hel-bstii2‘2)
1265 2268 1531 2318 disputatione

46 2337 191 2374 affatim
231 2336 539 2374 demonstratum
572 2348 658 2374 esse
690 2336 781 2373 mihi
812 2335 967 2374 videtur
1004 2336 1066 2373 hic
1096 2337 1254 2374 omnino
1292 2336 1421 2375 locum
1454 2350 1530 2375 non

47 2416 133 2442 esse
173 2404 390 2453 particulae
423 2397 504 2449 ἕως
545 2402 614 2451 (=
646 2416 688 2443 so
721 2404 836 2453 lange
867 2401 955 2450 als).
1019 2404 1159 2454 Neque
1196 2404 1296 2442 enim
1334 2405 1532 2443 calculant

160 2534 204 2575 19)
238 2532 294 2568 Cf.
320 2532 572 2569 Solu-oederus
597 2534 619 2568 l.
636 2543 668 2568 a.
692 2545 726 2578 p.
746 2536 798 2568 22.

159 2591 204 2634 20)
238 2590 345 2625 Falso
377 2589 609 2625 scholiastam
643 2591 924 2634 interpretatum
955 2600 1038 2626 esse
1070 2591 1139 2625 iam
1165 2591 1531 2627 demonstravit‘Pal-

46 2646 181 2681 mei-ius
207 2646 229 2681 l.
248 2655 277 2681 a.
304 2657 341 2690 p.
361 2650 435 2681 744.

158 2703 203 2746 21)
237 2702 292 2737 Cf.
318 2702 518 2738 Animadv.
542 2703 589 2738 ad
614 2713 734 2748 graec.
759 2707 854 2738 auct.
880 2703 915 2737 II
940 2715 975 2748 p.
993 2707 1045 2739 45.

158 2760 203 2800 ²²)
237 2759 350 2799 Quam
376 2757 504 2793 Philol.
522 2758 612 2792 XVI
637 2770 672 2802 p.
692 2762 752 2794 313
768 2770 850 2804 sqq.
875 2759 1036 2794 instituit
1059 2764 1185 2795 contra
1203 2759 1353 2794 Velseni
1375 2759 1528 2795 schedas

46 2813 207 2859 criticas,
232 2813 350 2849 Bonn.
371 2818 466 2859 1857,
491 2826 526 2860 p.
545 2818 667 2850 9—13.
