1815 3231
1468 173 1507 206 17

38 277 118 314 tiva
141 278 188 314 vi.
250 276 399 324 Quodsi
425 277 724 323 liuttnmnnuffl)
748 271 896 313 ‹imiza›
921 279 955 314 in
982 292 1180 315 nunu-rum
1207 282 1354 317 rvttulit
1381 295 1509 318 vorum

38 345 260 394 verborum,
296 357 461 393 quorum
501 346 708 382 transitiva
748 346 822 393 vol,
860 349 901 382 ut
939 347 1002 394 uit,
1044 349 1241 384 vausativa
1281 350 1513 393 siguum-:2110

39 425 85 450 ex
119 413 366 450 intransitiva
405 413 464 449 vel
503 413 765 450 iminediativa
799 415 833 450 vi
872 416 962 450 nata
1000 418 1069 462 est,
1110 416 1215 451 vorbi
1251 429 1358 452 usum
1401 418 1513 463 plam-

40 480 228 529 neglexit3
267 481 408 518 etenim
448 481 533 517 luce
566 481 708 517 clarius
746 485 804 518 est
845 482 1131 518 intransitivum
1171 495 1280 519 usum
1323 484 1423 520 haud
1465 485 1512 520 itu

40 559 159 597 saepe
198 548 367 597 obvium,
407 548 645 597 ubicumque
684 549 894 596 invenitur,
936 562 982 586 ex
1021 550 1143 597 (ellipsi
1186 551 1513 588 substantivorum

40 615 184 653 factum
223 628 321 654 esse.
381 616 443 654 Sic
479 616 641 653 verbum
682 617 755 653 iam
797 617 901 665 apud
943 617 1167 665 Homerum,
1208 622 1324 666 prout
1366 620 1517 655 obiecta

41 678 205 728 ἵππους
231 684 294 722 vel
317 674 431 733 ἅρμα
459 686 526 720 aut
551 681 636 732 νῆα
668 686 758 721 sunt
791 685 943 727 omissa,
976 685 1153 721 similiter
1175 688 1291 733 atque
1316 679 1518 722 ιῖλιιιῗιίιι·

46 763 187 797 „curru
210 750 323 788 velii“
359 755 426 788 aut
462 752 574 796 „navi
604 751 705 800 vehi,
738 751 948 799 navigare<
986 753 1193 801 significat.
1246 753 1516 790 Vei-mntamen

41 820 222 857 notiones
244 819 452 857 verborum
478 811 680 856 ἐλαύνειν
709 823 747 857 et
770 812 959 865 ὀίώκιιιή,
992 821 1021 857 si
1056 821 1299 857 intransitive
1332 834 1519 869 usurpan-

41 890 117 936 tur,
147 887 250 925 inter
277 899 319 925 se
350 899 514 936 prorsus
544 899 659 936 pares
689 900 765 924 non
795 891 902 929 sunt;
935 901 1021 925 nam
1054 891 1096 925 ut
1127 889 1198 925 iam
1232 890 1272 925 L.
1295 889 1520 926 Dindortius

44 955 81 992 in
105 955 292 1003 Stephani
314 954 498 992 thesauro
527 958 635 992 recte
657 954 946 1003 animadvertit,
977 955 1136 993 verbum
1161 949 1348 1001 διώκειν,
1381 957 1410 993 si
1434 969 1518 993 cnm

42 1022 116 1060 illis
147 1022 307 1060 obiectis
337 1034 384 1059 ac
416 1023 498 1059 sine
521 1023 575 1060 eis
606 1023 854 1060 intransitive
886 1023 1054 1071 ponitur7
1087 1023 1167 1060 fere
1198 1023 1295 1060 idem
1329 1028 1385 1061 est
1416 1024 1518 1072 quod

43 1085 297 1135 σπουδαίως
340 1083 557 1127 ἐλαύνων.
630 1090 673 1127 In
719 1083 866 1127 διώκω
910 1091 1023 1138 inest,
1065 1095 1107 1128 ut
1147 1092 1199 1128 ita
1238 1091 1373 1139 dicam,
1418 1093 1521 1128 notio

43 1169 215 1195 summae
251 1157 468 1195 industriae
507 1170 551 1194 ac
583 1158 805 1206 celeritatis,
843 1170 920 1206 qua
957 1159 1042 1206 quis
1073 1159 1194 1206 agitat
1231 1158 1398 1207 aliquam
1431 1172 1523 1208 rem,

45 1228 113 1267 aut
143 1237 221 1274 qua
252 1226 341 1274 quis
372 1225 434 1262 vel
466 1225 561 1274 quid
593 1225 729 1263 fertur.

157 1293 380 1331 Transitive
408 1293 570 1331 verbum
603 1293 828 1342 saepissime
859 1293 1083 1345 adhibetur,
1116 1295 1229 1331 etiam
1261 1297 1389 1331 aetate
1420 1297 1522 1343 post-

45 1360 246 1399 homerica
266 1361 497 1399 transitivus
514 1373 609 1398 usus
632 1361 753 1399 multo
772 1361 1016 1410 frequentior
1039 1374 1152 1410 quam
1172 1362 1438 1399 intransitivus
1456 1366 1522 1399 est.

260 1497 295 1532 Ι.
332 1497 397 1532 De
429 1496 596 1532 omisso
629 1497 809 1532 obiecto
843 1491 1034 1541 ἵππους
1066 1498 1137 1532 vel
1167 1487 1312 1545 ἅρμα.

162 1576 319 1613 Etiamsi
349 1578 548 1613 structura
568 1576 635 1612 illa
663 1567 839 1611 διώκειν
862 1569 1026 1619 ἵππους
1047 1575 1111 1613 vel
1134 1565 1246 1623 ἅρμα
1275 1575 1392 1612 semel
1420 1573 1523 1623 apud

49 1643 276 1692 Homerum,
313 1643 551 1692 aliquotiens
590 1642 695 1692 apud
732 1644 971 1691 posteriores
1010 1643 1162 1691 legitur⁷
1199 1642 1311 1679 aliter
1348 1641 1525 1678 intransi-

49 1712 166 1749 tivam
200 1712 398 1750 notionem
432 1724 517 1750 esse
548 1714 673 1749 ortam
713 1712 788 1748 nisi
820 1724 890 1761 per
922 1711 1078 1760 ellipsin
1116 1711 1252 1748 horum
1286 1710 1522 1748 obiectorum

51 1779 115 1816 vix
137 1779 301 1828 cogitari
334 1781 473 1829 potest.
532 1780 632 1817 Nam
656 1779 830 1826 verbum,
862 1780 892 1816 si
920 1778 1025 1827 apud
1048 1778 1259 1815 Homerum
1282 1777 1525 1814 intransitive

52 1849 279 1896 usurpatur,
309 1847 633 1896 significationem
666 1859 785 1884 curru
818 1845 984 1884 vehendi
1017 1847 1084 1882 aut
1115 1846 1203 1882 navi
1234 1844 1399 1881 vehendi
1433 1855 1525 1891 prae

52 1926 93 1952 se
124 1914 211 1952 fert.
272 1915 360 1952 Huc
390 1914 554 1964 accedit,
590 1914 695 1963 quod
727 1913 801 1951 iam
833 1913 937 1962 apud
969 1912 1180 1950 Homerum
1212 1911 1432 1960 generalior
1463 1910 1528 1947 illa

54 1983 159 2021 notio
191 1982 377 2032 primaria
413 1981 577 2032 „efficio,
608 1984 650 2019 ut
681 1982 768 2030 quis
799 1981 862 2018 vel
894 1980 988 2029 quid
1020 1982 1150 2017 currat
1182 1979 1243 2016 vel
1275 1978 1399 2025 fugiat
1429 1979 1466 2018 (i.
1495 1990 1524 2013 e.

57 2049 306 2097 moveatur)“
340 2051 482 2088 sensim
513 2050 720 2089 obscurata
741 2051 799 2086 est
830 2049 1025 2096 cessitque
1046 2047 1233 2095 singulari
1257 2045 1526 2094 significationi

55 2118 333 2156 usitatissimae
375 2117 639 2167 persequendi
681 2116 743 2154 vel
785 2114 1030 2164 insequendi.
1098 2113 1173 2153 Sed
1211 2113 1283 2150 hoc
1323 2125 1399 2150 non
1438 2111 1527 2156 dixi,

54 2185 156 2223 illius
187 2186 442 2235 generalioris
473 2186 643 2224 notionis
674 2183 840 2232 vestigia
876 2195 953 2220 non
985 2194 1069 2219 esse
1106 2181 1255 2225 relicta,
1297 2180 1365 2217 sed
1401 2179 1528 2217 tritam

56 2255 266 2302 notamque
289 2253 484 2291 notionem
514 2251 776 2302 persequendi
805 2250 866 2288 vel
893 2249 1123 2298 insequendi
1157 2251 1194 2286 et
1223 2249 1260 2285 in
1292 2248 1459 2285 Homero
1493 2251 1529 2283 et

5 2349 9 2354 .
59 2321 97 2358 in
128 2321 412 2370 posterioribus
444 2320 686 2369 praevalere.

171 2388 281 2425 Illam
319 2388 441 2436 magis
473 2388 695 2425 universam
728 2385 925 2423 notionem
964 2386 1121 2433 praeter
1152 2383 1248 2419 alios
1287 2382 1531 2418 retinuerunt

59 2455 114 2493 illi
147 2468 306 2505 quoque
337 2456 423 2505 loci,
454 2455 596 2504 quibus
628 2447 802 2491 διώκειν
833 2464 919 2490 cum
952 2451 1100 2489 obiecto
1134 2441 1246 2499 ἶέρμιι
1278 2449 1337 2486 vel
1369 2443 1530 2484 ἅπτου.-

35 2526 100 2561 -et
135 2535 221 2561 cum
254 2523 402 2561 obiecto
434 2520 520 2572 νῆα
556 2522 741 2572 iungitur.
802 2520 940 2567 Semel,
979 2522 1021 2556 nt
1057 2519 1129 2555 iam
1168 2517 1258 2565 dixi,
1294 2516 1330 2553 in
1364 2516 1531 2553 Homero

62 2590 174 2628 adest
219 2591 412 2629 obiectum
459 2580 573 2640 ἅρμα
621 2586 690 2626 καὶ
736 2583 899 2631 ἵππους
943 2586 977 2623 Θ
1009 2588 1108 2629 4393
1158 2584 1389 2633 aliquotiens
1431 2581 1532 2629 apud

62 2658 275 2707 scriptores
316 2658 628 2706 posthomericos
672 2655 863 2693 obiectum
908 2643 1022 2702 ἅρμα
1063 2653 1100 2689 in
1134 2653 1262 2700 hymn.
1293 2651 1402 2687 Hom.
1434 2652 1469 2695 9,
1491 2651 1533 2695 43

177 2789 204 2829 ¹)
234 2788 349 2822 Lexil.
371 2787 398 2831 I,
417 2790 494 2822 219.

154 2856 244 2888 Diss.
263 2856 342 2888 Hal.
362 2857 428 2888 XI.

1320 2848 1336 2877 Ιά
