<?xml version="1.0" encoding="UTF-8"?>
<!DOCTYPE html PUBLIC "-//W3C//DTD XHTML 1.0 Transitional//EN"
    "http://www.w3.org/TR/xhtml1/DTD/xhtml1-transitional.dtd">
<html xmlns="http://www.w3.org/1999/xhtml" xml:lang="en" lang="en">
 <head>
  <title>
</title>
<meta http-equiv="Content-Type" content="text/html;charset=utf-8" />
  <meta name='ocr-system' content='tesseract 3.04.00' />
  <meta name='ocr-capabilities' content='ocr_page ocr_carea ocr_par ocr_line ocrx_word'/>
</head>
<body>
  <div class='ocr_page' id='page_1' title='image "./deverbisetintran00hilduoft_0393.png"; bbox 0 0 1815 3231; ppageno 0'>
   <div class='ocr_carea' id='block_1_1' title="bbox 1423 167 1500 203">
    <p class='ocr_par' dir='ltr' id='par_1_1' title="bbox 1423 167 1500 203">
     <span class='ocr_line' id='line_1_1' title="bbox 1423 167 1500 203; baseline 0.013 -2"><span class='ocrx_word' id='word_1_1' title='bbox 1423 167 1500 203; x_wconf 76' lang='lat'>387</span> 
     </span>
    </p>
   </div>
   <div class='ocr_carea' id='block_1_2' title="bbox 14 276 1503 2424">
    <p class='ocr_par' dir='ltr' id='par_1_2' title="bbox 21 276 1503 799">
     <span class='ocr_line' id='line_1_2' title="bbox 23 276 1500 327; baseline 0 -13"><span class='ocrx_word' id='word_1_2' title='bbox 23 277 196 326; x_wconf 86' lang='lat' dir='ltr'>offendit,</span> <span class='ocrx_word' id='word_1_3' title='bbox 242 278 387 327; x_wconf 86' lang='lat' dir='ltr'>quippe</span> <span class='ocrx_word' id='word_1_4' title='bbox 433 278 499 326; x_wconf 87' lang='lat' dir='ltr'>qui</span> <span class='ocrx_word' id='word_1_5' title='bbox 546 290 592 314; x_wconf 91' lang='lat' dir='ltr'>ne</span> <span class='ocrx_word' id='word_1_6' title='bbox 634 277 680 314; x_wconf 87' lang='lat' dir='ltr'>de</span> <span class='ocrx_word' id='word_1_7' title='bbox 723 278 766 314; x_wconf 88' lang='lat' dir='ltr'>iis</span> <span class='ocrx_word' id='word_1_8' title='bbox 809 276 965 325; x_wconf 83' lang='lat' dir='ltr'>quidem</span> <span class='ocrx_word' id='word_1_9' title='bbox 1008 277 1190 326; x_wconf 85' lang='lat' dir='ltr'>loquatur</span> <span class='ocrx_word' id='word_1_10' title='bbox 1235 290 1334 326; x_wconf 88' lang='lat' dir='ltr'>quae</span> <span class='ocrx_word' id='word_1_11' title='bbox 1375 278 1500 315; x_wconf 85' lang='lat' dir='ltr'>statim</span> 
     </span>
     <span class='ocr_line' id='line_1_3' title="bbox 22 342 1503 394; baseline 0 -13"><span class='ocrx_word' id='word_1_12' title='bbox 22 346 111 394; x_wconf 90' lang='lat' dir='ltr'>post</span> <span class='ocrx_word' id='word_1_13' title='bbox 153 344 345 392; x_wconf 87' lang='lat' dir='ltr'>proelium</span> <span class='ocrx_word' id='word_1_14' title='bbox 398 344 447 382; x_wconf 87' lang='lat' dir='ltr'>ad</span> <span class='ocrx_word' id='word_1_15' title='bbox 489 344 798 392; x_wconf 76' lang='lat' dir='ltr'>Aegospotamos</span> <span class='ocrx_word' id='word_1_16' title='bbox 851 343 993 381; x_wconf 80' lang='lat' dir='ltr'>factum</span> <span class='ocrx_word' id='word_1_17' title='bbox 1047 355 1131 381; x_wconf 89' lang='lat' dir='ltr'>cum</span> <span class='ocrx_word' id='word_1_18' title='bbox 1184 342 1503 382; x_wconf 70' lang='lat' dir='ltr'>Lacedaemoniis</span> 
     </span>
     <span class='ocr_line' id='line_1_4' title="bbox 23 410 1502 461; baseline -0.001 -12"><span class='ocrx_word' id='word_1_19' title='bbox 23 410 166 460; x_wconf 86' lang='lat' dir='ltr'>pacisci</span> <span class='ocrx_word' id='word_1_20' title='bbox 213 411 450 449; x_wconf 83' lang='lat' dir='ltr'>studuerunt</span> <span class='ocrx_word' id='word_1_21' title='bbox 496 411 755 449; x_wconf 78' lang='lat' dir='ltr'>Athenienses</span> <span class='ocrx_word' id='word_1_22' title='bbox 801 410 865 457; x_wconf 83' lang='lat' dir='ltr'>(de</span> <span class='ocrx_word' id='word_1_23' title='bbox 911 410 1052 459; x_wconf 89' lang='lat' dir='ltr'>quibus</span> <span class='ocrx_word' id='word_1_24' title='bbox 1099 410 1145 448; x_wconf 84' lang='lat' dir='ltr'>cf.</span> <span class='ocrx_word' id='word_1_25' title='bbox 1186 411 1362 461; x_wconf 86' lang='lat' dir='ltr'>choph.</span> <span class='ocrx_word' id='word_1_26' title='bbox 1404 411 1502 449; x_wconf 85' lang='lat' dir='ltr'>Heli.</span> 
     </span>
     <span class='ocr_line' id='line_1_5' title="bbox 22 476 1502 528; baseline 0.001 -12"><span class='ocrx_word' id='word_1_27' title='bbox 22 479 70 528; x_wconf 88' lang='lat'>11,</span> <span class='ocrx_word' id='word_1_28' title='bbox 97 482 132 526; x_wconf 89' lang='grc'>2,</span> <span class='ocrx_word' id='word_1_29' title='bbox 164 482 213 517; x_wconf 79' lang='lat'>14</span> <span class='ocrx_word' id='word_1_30' title='bbox 228 490 328 528; x_wconf 86' lang='lat' dir='ltr'>sqq.;</span> <span class='ocrx_word' id='word_1_31' title='bbox 371 480 462 527; x_wconf 88' lang='lat' dir='ltr'>Lys.</span> <span class='ocrx_word' id='word_1_32' title='bbox 493 479 598 523; x_wconf 84' lang='lat' dir='ltr'>VI11;</span> <span class='ocrx_word' id='word_1_33' title='bbox 642 479 858 528; x_wconf 76' lang='lat' dir='ltr'>Gilbertus,</span> <span class='ocrx_word' id='word_1_34' title='bbox 897 479 919 516; x_wconf 84' lang='lat'>1.</span> <span class='ocrx_word' id='word_1_35' title='bbox 947 491 979 516; x_wconf 87' lang='lat' dir='ltr'>a.</span> <span class='ocrx_word' id='word_1_36' title='bbox 1012 491 1045 527; x_wconf 89' lang='lat' dir='ltr'>p.</span> <span class='ocrx_word' id='word_1_37' title='bbox 1077 482 1155 517; x_wconf 80' lang='lat'>397</span> <span class='ocrx_word' id='word_1_38' title='bbox 1172 476 1283 528; x_wconf 89' lang='lat' dir='ltr'>sqq.).</span> <span class='ocrx_word' id='word_1_39' title='bbox 1350 478 1502 517; x_wconf 81' lang='lat' dir='ltr'>Deinde</span> 
     </span>
     <span class='ocr_line' id='line_1_6' title="bbox 21 546 1500 596; baseline 0 -12"><span class='ocrx_word' id='word_1_40' title='bbox 21 550 150 584; x_wconf 86' lang='lat' dir='ltr'>autem</span> <span class='ocrx_word' id='word_1_41' title='bbox 183 548 309 595; x_wconf 90' lang='lat' dir='ltr'>ipsum</span> <span class='ocrx_word' id='word_1_42' title='bbox 342 546 645 595; x_wconf 84' lang='lat' dir='ltr'>Aristophanem</span> <span class='ocrx_word' id='word_1_43' title='bbox 678 546 792 584; x_wconf 91' lang='lat' dir='ltr'>huius</span> <span class='ocrx_word' id='word_1_44' title='bbox 824 546 878 584; x_wconf 82' lang='lat' dir='ltr'>rei</span> <span class='ocrx_word' id='word_1_45' title='bbox 910 546 1030 584; x_wconf 86' lang='lat' dir='ltr'>habes</span> <span class='ocrx_word' id='word_1_46' title='bbox 1061 549 1211 595; x_wconf 87' lang='lat' dir='ltr'>testem,</span> <span class='ocrx_word' id='word_1_47' title='bbox 1242 547 1307 596; x_wconf 90' lang='lat' dir='ltr'>qui</span> <span class='ocrx_word' id='word_1_48' title='bbox 1340 546 1432 584; x_wconf 90' lang='lat' dir='ltr'>dicit</span> <span class='ocrx_word' id='word_1_49' title='bbox 1463 547 1500 584; x_wconf 91' lang='lat' dir='ltr'>in</span> 
     </span>
     <span class='ocr_line' id='line_1_7' title="bbox 22 613 1503 664; baseline 0 -12"><span class='ocrx_word' id='word_1_50' title='bbox 22 614 97 653; x_wconf 87' lang='lat' dir='ltr'>fine</span> <span class='ocrx_word' id='word_1_51' title='bbox 122 615 319 652; x_wconf 87' lang='lat' dir='ltr'>Ranarum</span> <span class='ocrx_word' id='word_1_52' title='bbox 342 614 495 652; x_wconf 82' lang='lat' dir='ltr'>fabulae</span> <span class='ocrx_word' id='word_1_53' title='bbox 523 626 625 652; x_wconf 89' lang='lat' dir='ltr'>anno</span> <span class='ocrx_word' id='word_1_54' title='bbox 648 616 727 653; x_wconf 89' lang='lat'>405</span> <span class='ocrx_word' id='word_1_55' title='bbox 752 613 905 652; x_wconf 84' lang='lat' dir='ltr'>doctae:</span> <span class='ocrx_word' id='word_1_56' title='bbox 939 626 1037 658; x_wconf 84' lang='lat' dir='ltr'>„nos</span> <span class='ocrx_word' id='word_1_57' title='bbox 1060 613 1215 663; x_wconf 87' lang='lat' dir='ltr'>quidem</span> <span class='ocrx_word' id='word_1_58' title='bbox 1248 627 1383 663; x_wconf 86' lang='lat' dir='ltr'>pacem</span> <span class='ocrx_word' id='word_1_59' title='bbox 1415 627 1503 664; x_wconf 83' lang='lat' dir='ltr'>agc-</span> 
     </span>
     <span class='ocr_line' id='line_1_8' title="bbox 22 677 694 731; baseline -0.004 -11"><span class='ocrx_word' id='word_1_60' title='bbox 22 694 116 720; x_wconf 86' lang='lat' dir='ltr'>mus.</span> <span class='ocrx_word' id='word_1_61' title='bbox 159 679 378 730; x_wconf 77' lang='grc' dir='ltr'><em>Κλεοφῶν</em></span> <span class='ocrx_word' id='word_1_62' title='bbox 410 677 455 718; x_wconf 73' lang='grc' dir='ltr'>δὲ</span> <span class='ocrx_word' id='word_1_63' title='bbox 484 677 694 731; x_wconf 70' lang='grc' dir='ltr'><em>μαχέσθω</em></span> 
     </span>
     <span class='ocr_line' id='line_1_9' title="bbox 111 738 1426 799; baseline 0 -13"><span class='ocrx_word' id='word_1_64' title='bbox 111 740 275 794; x_wconf 69' lang='grc' dir='ltr'><em>κᾶλλος</em></span> <span class='ocrx_word' id='word_1_65' title='bbox 307 738 330 785; x_wconf 79' lang='grc' dir='ltr'><em>ὃ</em></span> <span class='ocrx_word' id='word_1_66' title='bbox 363 742 632 798; x_wconf 65' lang='grc' dir='ltr'>βουλόμενος</span> <span class='ocrx_word' id='word_1_67' title='bbox 663 741 839 785; x_wconf 67' lang='grc' dir='ltr'><em>τούτων</em></span> <span class='ocrx_word' id='word_1_68' title='bbox 868 744 1070 799; x_wconf 80' lang='grc' dir='ltr'><strong><em>πατρίοις</em></strong></span> <span class='ocrx_word' id='word_1_69' title='bbox 1101 744 1147 785; x_wconf 69' lang='grc' dir='ltr'>εἰ)</span> <span class='ocrx_word' id='word_1_70' title='bbox 1178 738 1426 799; x_wconf 63' lang='grc' dir='ltr'><em>[ἷροῦραις“,</em></span> 
     </span>
    </p>

    <p class='ocr_par' dir='ltr' id='par_1_3' title="bbox 17 816 1502 1474">
     <span class='ocr_line' id='line_1_10' title="bbox 20 816 1502 867; baseline 0 -12"><span class='ocrx_word' id='word_1_71' title='bbox 20 830 120 867; x_wconf 90' lang='lat' dir='ltr'>quae</span> <span class='ocrx_word' id='word_1_72' title='bbox 152 830 230 855; x_wconf 91' lang='lat' dir='ltr'>non</span> <span class='ocrx_word' id='word_1_73' title='bbox 264 830 342 855; x_wconf 89' lang='lat' dir='ltr'>rem</span> <span class='ocrx_word' id='word_1_74' title='bbox 376 816 600 867; x_wconf 86' lang='lat' dir='ltr'>significare</span> <span class='ocrx_word' id='word_1_75' title='bbox 631 820 819 866; x_wconf 82' lang='lat' dir='ltr'>quattuor</span> <span class='ocrx_word' id='word_1_76' title='bbox 850 817 963 855; x_wconf 88' lang='lat' dir='ltr'>annis</span> <span class='ocrx_word' id='word_1_77' title='bbox 995 820 1085 855; x_wconf 87' lang='lat' dir='ltr'>ante</span> <span class='ocrx_word' id='word_1_78' title='bbox 1107 820 1256 865; x_wconf 76' lang='lat' dir='ltr'>gestam</span> <span class='ocrx_word' id='word_1_79' title='bbox 1290 818 1502 866; x_wconf 87' lang='lat' dir='ltr'>unusquis-</span> 
     </span>
     <span class='ocr_line' id='line_1_11' title="bbox 20 882 1501 934; baseline 0.001 -12"><span class='ocrx_word' id='word_1_80' title='bbox 20 897 97 934; x_wconf 89' lang='lat' dir='ltr'>que</span> <span class='ocrx_word' id='word_1_81' title='bbox 129 882 379 933; x_wconf 81' lang='lat' dir='ltr'>intelleget.3)</span> <span class='ocrx_word' id='word_1_82' title='bbox 442 885 546 933; x_wconf 75' lang='lat' dir='ltr'>Ergo</span> <span class='ocrx_word' id='word_1_83' title='bbox 579 896 699 922; x_wconf 85' lang='lat' dir='ltr'>causa</span> <span class='ocrx_word' id='word_1_84' title='bbox 729 897 805 922; x_wconf 91' lang='lat' dir='ltr'>non</span> <span class='ocrx_word' id='word_1_85' title='bbox 829 888 897 934; x_wconf 86' lang='lat' dir='ltr'>est,</span> <span class='ocrx_word' id='word_1_86' title='bbox 929 896 997 922; x_wconf 91' lang='lat' dir='ltr'>cur</span> <span class='ocrx_word' id='word_1_87' title='bbox 1028 885 1262 922; x_wconf 81' lang='lat' dir='ltr'>scholiastae</span> <span class='ocrx_word' id='word_1_88' title='bbox 1294 889 1332 922; x_wconf 91' lang='lat' dir='ltr'>et</span> <span class='ocrx_word' id='word_1_89' title='bbox 1354 885 1501 923; x_wconf 85' lang='lat' dir='ltr'>Aristo-</span> 
     </span>
     <span class='ocr_line' id='line_1_12' title="bbox 19 951 1501 1002; baseline 0 -12"><span class='ocrx_word' id='word_1_90' title='bbox 19 952 105 990; x_wconf 88' lang='lat' dir='ltr'>telis</span> <span class='ocrx_word' id='word_1_91' title='bbox 136 952 358 989; x_wconf 85' lang='lat' dir='ltr'>testimonio</span> <span class='ocrx_word' id='word_1_92' title='bbox 390 951 623 989; x_wconf 82' lang='lat' dir='ltr'>diffidamus.</span> <span class='ocrx_word' id='word_1_93' title='bbox 683 952 820 990; x_wconf 86' lang='lat' dir='ltr'>Altera</span> <span class='ocrx_word' id='word_1_94' title='bbox 851 952 1030 1001; x_wconf 88' lang='lat' dir='ltr'>quaestio</span> <span class='ocrx_word' id='word_1_95' title='bbox 1064 955 1131 997; x_wconf 76' lang='lat' dir='ltr'>est,</span> <span class='ocrx_word' id='word_1_96' title='bbox 1169 965 1299 989; x_wconf 90' lang='lat' dir='ltr'>nonne</span> <span class='ocrx_word' id='word_1_97' title='bbox 1332 952 1501 1002; x_wconf 86' lang='lat' dir='ltr'>philoso-</span> 
     </span>
     <span class='ocr_line' id='line_1_13' title="bbox 19 1019 1499 1069; baseline 0 -12"><span class='ocrx_word' id='word_1_98' title='bbox 19 1019 121 1069; x_wconf 89' lang='lat' dir='ltr'>phus</span> <span class='ocrx_word' id='word_1_99' title='bbox 151 1019 188 1057; x_wconf 92' lang='lat' dir='ltr'>in</span> <span class='ocrx_word' id='word_1_100' title='bbox 213 1019 439 1057; x_wconf 84' lang='lat' dir='ltr'>narratione</span> <span class='ocrx_word' id='word_1_101' title='bbox 462 1020 546 1067; x_wconf 88' lang='lat' dir='ltr'>ipsa</span> <span class='ocrx_word' id='word_1_102' title='bbox 567 1019 723 1057; x_wconf 88' lang='lat' dir='ltr'>comicis</span> <span class='ocrx_word' id='word_1_103' title='bbox 746 1031 874 1069; x_wconf 83' lang='lat' dir='ltr'>pauca</span> <span class='ocrx_word' id='word_1_104' title='bbox 896 1019 1048 1065; x_wconf 79' lang='lat' dir='ltr'>debeat,</span> <span class='ocrx_word' id='word_1_105' title='bbox 1081 1032 1246 1068; x_wconf 89' lang='lat' dir='ltr'>quorum</span> <span class='ocrx_word' id='word_1_106' title='bbox 1269 1020 1363 1058; x_wconf 76' lang='lat' dir='ltr'>iocis</span> <span class='ocrx_word' id='word_1_107' title='bbox 1385 1033 1499 1069; x_wconf 87' lang='lat' dir='ltr'>quam</span> 
     </span>
     <span class='ocr_line' id='line_1_14' title="bbox 19 1086 1501 1136; baseline 0.001 -12"><span class='ocrx_word' id='word_1_108' title='bbox 19 1087 183 1124; x_wconf 81' lang='lat' dir='ltr'>maxime</span> <span class='ocrx_word' id='word_1_109' title='bbox 214 1087 464 1135; x_wconf 83' lang='lat' dir='ltr'>perstrictum</span> <span class='ocrx_word' id='word_1_110' title='bbox 498 1098 584 1124; x_wconf 87' lang='lat' dir='ltr'>esse</span> <span class='ocrx_word' id='word_1_111' title='bbox 616 1086 897 1135; x_wconf 81' lang='lat' dir='ltr'>Cieophontem</span> <span class='ocrx_word' id='word_1_112' title='bbox 938 1087 999 1125; x_wconf 90' lang='lat' dir='ltr'>vel</span> <span class='ocrx_word' id='word_1_113' title='bbox 1032 1099 1076 1124; x_wconf 88' lang='lat' dir='ltr'>ea</span> <span class='ocrx_word' id='word_1_114' title='bbox 1108 1099 1148 1125; x_wconf 89' lang='lat' dir='ltr'>re</span> <span class='ocrx_word' id='word_1_115' title='bbox 1181 1086 1356 1131; x_wconf 75' lang='lat' dir='ltr'>docetur,</span> <span class='ocrx_word' id='word_1_116' title='bbox 1395 1087 1501 1136; x_wconf 91' lang='lat' dir='ltr'>quod</span> 
     </span>
     <span class='ocr_line' id='line_1_15' title="bbox 19 1153 1501 1204; baseline 0.001 -13"><span class='ocrx_word' id='word_1_117' title='bbox 19 1153 155 1192; x_wconf 84' lang='lat' dir='ltr'>eodem</span> <span class='ocrx_word' id='word_1_118' title='bbox 187 1166 290 1191; x_wconf 86' lang='lat' dir='ltr'>anno</span> <span class='ocrx_word' id='word_1_119' title='bbox 323 1157 361 1192; x_wconf 93' lang='lat' dir='ltr'>et</span> <span class='ocrx_word' id='word_1_120' title='bbox 390 1153 523 1191; x_wconf 83' lang='lat' dir='ltr'>iisdem</span> <span class='ocrx_word' id='word_1_121' title='bbox 556 1153 671 1203; x_wconf 85' lang='lat' dir='ltr'>ludis,</span> <span class='ocrx_word' id='word_1_122' title='bbox 708 1167 786 1203; x_wconf 90' lang='lat' dir='ltr'>qno</span> <span class='ocrx_word' id='word_1_123' title='bbox 819 1155 950 1192; x_wconf 81' lang='lat' dir='ltr'>Ranae</span> <span class='ocrx_word' id='word_1_124' title='bbox 983 1154 1120 1192; x_wconf 87' lang='lat' dir='ltr'>doctae</span> <span class='ocrx_word' id='word_1_125' title='bbox 1153 1159 1254 1204; x_wconf 78' lang='lat' dir='ltr'>sunt,</span> <span class='ocrx_word' id='word_1_126' title='bbox 1290 1155 1401 1193; x_wconf 84' lang='lat' dir='ltr'>Plato</span> <span class='ocrx_word' id='word_1_127' title='bbox 1433 1155 1501 1193; x_wconf 91' lang='lat' dir='ltr'>do-</span> 
     </span>
     <span class='ocr_line' id='line_1_16' title="bbox 19 1220 1499 1270; baseline 0.001 -12"><span class='ocrx_word' id='word_1_128' title='bbox 19 1221 99 1258; x_wconf 87' lang='lat' dir='ltr'>cuit</span> <span class='ocrx_word' id='word_1_129' title='bbox 131 1221 410 1270; x_wconf 86' lang='lat' dir='ltr'>Cleophontem</span> <span class='ocrx_word' id='word_1_130' title='bbox 450 1220 621 1258; x_wconf 86' lang='lat' dir='ltr'>fabulam</span> <span class='ocrx_word' id='word_1_131' title='bbox 660 1220 725 1266; x_wconf 88' lang='lat' dir='ltr'>(cf.</span> <span class='ocrx_word' id='word_1_132' title='bbox 754 1221 923 1260; x_wconf 90' lang='lat' dir='ltr'>Cobetus</span> <span class='ocrx_word' id='word_1_133' title='bbox 954 1221 975 1258; x_wconf 91' lang='lat' dir='ltr'>l.</span> <span class='ocrx_word' id='word_1_134' title='bbox 1004 1234 1037 1259; x_wconf 88' lang='lat' dir='ltr'>a.</span> <span class='ocrx_word' id='word_1_135' title='bbox 1069 1234 1104 1270; x_wconf 88' lang='lat' dir='ltr'>p.</span> <span class='ocrx_word' id='word_1_136' title='bbox 1136 1220 1241 1267; x_wconf 83' lang='lat'>146).</span> <span class='ocrx_word' id='word_1_137' title='bbox 1302 1222 1499 1260; x_wconf 88' lang='lat' dir='ltr'>Comicum</span> 
     </span>
     <span class='ocr_line' id='line_1_17' title="bbox 19 1282 1500 1338; baseline 0.001 -13"><span class='ocrx_word' id='word_1_138' title='bbox 19 1288 119 1325; x_wconf 89' lang='lat' dir='ltr'>enim</span> <span class='ocrx_word' id='word_1_139' title='bbox 152 1289 254 1337; x_wconf 88' lang='lat' dir='ltr'>sapit</span> <span class='ocrx_word' id='word_1_140' title='bbox 285 1288 388 1337; x_wconf 88' lang='lat' dir='ltr'>quod</span> <span class='ocrx_word' id='word_1_141' title='bbox 422 1289 564 1326; x_wconf 88' lang='lat' dir='ltr'>dicitur</span> <span class='ocrx_word' id='word_1_142' title='bbox 595 1288 795 1337; x_wconf 84' lang='lat' dir='ltr'>Cleophon</span> <span class='ocrx_word' id='word_1_143' title='bbox 830 1282 1014 1338; x_wconf 65' lang='grc' dir='ltr'><em>μεθύων</em></span> <span class='ocrx_word' id='word_1_144' title='bbox 1046 1294 1083 1327; x_wconf 92' lang='lat' dir='ltr'>et</span> <span class='ocrx_word' id='word_1_145' title='bbox 1116 1282 1302 1338; x_wconf 67' lang='grc' dir='ltr'><strong><em>θώρακα</em></strong></span> <span class='ocrx_word' id='word_1_146' title='bbox 1333 1284 1500 1326; x_wconf 74' lang='grc' dir='ltr'><em>ἐνδεδυ-</em></span> 
     </span>
     <span class='ocr_line' id='line_1_18' title="bbox 17 1347 1499 1407; baseline 0.003 -15"><span class='ocrx_word' id='word_1_147' title='bbox 17 1347 105 1401; x_wconf 69' lang='grc' dir='ltr'>κώς</span> <span class='ocrx_word' id='word_1_148' title='bbox 135 1357 172 1394; x_wconf 91' lang='lat' dir='ltr'>in</span> <span class='ocrx_word' id='word_1_149' title='bbox 206 1357 432 1394; x_wconf 79' lang='lat' dir='ltr'>concionem</span> <span class='ocrx_word' id='word_1_150' title='bbox 466 1357 632 1406; x_wconf 85' lang='lat' dir='ltr'>venisse,</span> <span class='ocrx_word' id='word_1_151' title='bbox 673 1358 861 1395; x_wconf 76' lang='lat' dir='ltr'>comIcum</span> <span class='ocrx_word' id='word_1_152' title='bbox 895 1357 1099 1395; x_wconf 86' lang='lat' dir='ltr'>Aeschinis</span> <span class='ocrx_word' id='word_1_153' title='bbox 1131 1370 1288 1407; x_wconf 87' lang='lat' dir='ltr'>quoquc</span> <span class='ocrx_word' id='word_1_154' title='bbox 1326 1358 1499 1397; x_wconf 82' lang='lat' dir='ltr'>narratio</span> 
     </span>
     <span class='ocr_line' id='line_1_19' title="bbox 17 1423 158 1474; baseline 0 -13"><span class='ocrx_word' id='word_1_155' title='bbox 17 1423 158 1474; x_wconf 87' lang='lat' dir='ltr'>prodit.</span> 
     </span>
    </p>

    <p class='ocr_par' dir='ltr' id='par_1_4' title="bbox 129 1491 1016 1540">
     <span class='ocr_line' id='line_1_20' title="bbox 129 1491 1016 1540; baseline 0.001 -12"><span class='ocrx_word' id='word_1_156' title='bbox 129 1492 188 1529; x_wconf 90' lang='lat' dir='ltr'>De</span> <span class='ocrx_word' id='word_1_157' title='bbox 220 1491 559 1540; x_wconf 88' lang='lat' dir='ltr'>olympionicis</span> <span class='ocrx_word' id='word_1_158' title='bbox 590 1491 719 1540; x_wconf 86' lang='lat' dir='ltr'>agitur</span> <span class='ocrx_word' id='word_1_159' title='bbox 750 1492 907 1530; x_wconf 85' lang='lat' dir='ltr'>scholiis</span> <span class='ocrx_word' id='word_1_160' title='bbox 939 1492 1016 1530; x_wconf 90' lang='lat' dir='ltr'>his:</span> 
     </span>
    </p>

    <p class='ocr_par' dir='ltr' id='par_1_5' title="bbox 14 1558 1497 2424">
     <span class='ocr_line' id='line_1_21' title="bbox 134 1558 1495 1609; baseline 0.001 -12"><span class='ocrx_word' id='word_1_161' title='bbox 134 1559 171 1605; x_wconf 86' lang='lat'>1)</span> <span class='ocrx_word' id='word_1_162' title='bbox 214 1558 341 1597; x_wconf 86' lang='lat' dir='ltr'>Schol.</span> <span class='ocrx_word' id='word_1_163' title='bbox 365 1559 460 1597; x_wconf 89' lang='lat' dir='ltr'>Ach.</span> <span class='ocrx_word' id='word_1_164' title='bbox 483 1561 563 1597; x_wconf 82' lang='lat'>214</span> <span class='ocrx_word' id='word_1_165' title='bbox 595 1558 659 1606; x_wconf 88' lang='lat' dir='ltr'>(cf.</span> <span class='ocrx_word' id='word_1_166' title='bbox 689 1559 809 1597; x_wconf 85' lang='lat' dir='ltr'>schol.</span> <span class='ocrx_word' id='word_1_167' title='bbox 832 1561 949 1609; x_wconf 87' lang='lat' dir='ltr'>Vesp.</span> <span class='ocrx_word' id='word_1_168' title='bbox 974 1559 1108 1603; x_wconf 84' lang='grc'>1206).</span> <span class='ocrx_word' id='word_1_169' title='bbox 1148 1560 1246 1598; x_wconf 89' lang='lat' dir='ltr'>Tres</span> <span class='ocrx_word' id='word_1_170' title='bbox 1268 1561 1330 1598; x_wconf 90' lang='lat' dir='ltr'>hic</span> <span class='ocrx_word' id='word_1_171' title='bbox 1352 1560 1495 1599; x_wconf 85' lang='lat' dir='ltr'>discer-</span> 
     </span>
     <span class='ocr_line' id='line_1_22' title="bbox 19 1621 1497 1678; baseline 0.001 -14"><span class='ocrx_word' id='word_1_172' title='bbox 19 1627 76 1664; x_wconf 82' lang='lat' dir='ltr'>nit</span> <span class='ocrx_word' id='word_1_173' title='bbox 114 1627 389 1676; x_wconf 86' lang='lat' dir='ltr'>grammaticus</span> <span class='ocrx_word' id='word_1_174' title='bbox 431 1621 641 1676; x_wconf 88' lang='lat' dir='ltr'>(Didymus</span> <span class='ocrx_word' id='word_1_175' title='bbox 678 1639 714 1675; x_wconf 90' lang='lat' dir='ltr'>p.</span> <span class='ocrx_word' id='word_1_176' title='bbox 742 1625 837 1675; x_wconf 77' lang='lat'>237&gt;</span> <span class='ocrx_word' id='word_1_177' title='bbox 881 1628 1080 1677; x_wconf 88' lang='lat' dir='ltr'>Phayllos:</span> <span class='ocrx_word' id='word_1_178' title='bbox 1124 1640 1335 1678; x_wconf 83' lang='lat' dir='ltr'>cursorem,</span> <span class='ocrx_word' id='word_1_179' title='bbox 1370 1629 1497 1666; x_wconf 87' lang='lat' dir='ltr'>virum</span> 
     </span>
     <span class='ocr_line' id='line_1_23' title="bbox 16 1694 1495 1745; baseline 0.001 -13"><span class='ocrx_word' id='word_1_180' title='bbox 16 1695 124 1732; x_wconf 90' lang='lat' dir='ltr'>illum</span> <span class='ocrx_word' id='word_1_181' title='bbox 162 1694 420 1744; x_wconf 85' lang='lat' dir='ltr'>praeclarum,</span> <span class='ocrx_word' id='word_1_182' title='bbox 457 1694 573 1732; x_wconf 85' lang='lat' dir='ltr'>alium</span> <span class='ocrx_word' id='word_1_183' title='bbox 612 1695 927 1745; x_wconf 88' lang='lat' dir='ltr'>olympionicam,</span> <span class='ocrx_word' id='word_1_184' title='bbox 965 1696 1118 1734; x_wconf 85' lang='lat' dir='ltr'>tertium</span> <span class='ocrx_word' id='word_1_185' title='bbox 1156 1696 1293 1744; x_wconf 85' lang='lat' dir='ltr'>furem,</span> <span class='ocrx_word' id='word_1_186' title='bbox 1330 1708 1495 1745; x_wconf 88' lang='lat' dir='ltr'>quorum</span> 
     </span>
     <span class='ocr_line' id='line_1_24' title="bbox 16 1762 1496 1813; baseline 0.001 -13"><span class='ocrx_word' id='word_1_187' title='bbox 16 1763 121 1800; x_wconf 91' lang='lat' dir='ltr'>hunc</span> <span class='ocrx_word' id='word_1_188' title='bbox 153 1764 226 1800; x_wconf 88' lang='lat' dir='ltr'>nisi</span> <span class='ocrx_word' id='word_1_189' title='bbox 257 1775 278 1801; x_wconf 89' lang='lat' dir='ltr'>e</span> <span class='ocrx_word' id='word_1_190' title='bbox 310 1762 513 1801; x_wconf 88' lang='lat' dir='ltr'>comoedia</span> <span class='ocrx_word' id='word_1_191' title='bbox 545 1763 743 1812; x_wconf 82' lang='lat' dir='ltr'>cognitum</span> <span class='ocrx_word' id='word_1_192' title='bbox 766 1776 844 1801; x_wconf 90' lang='lat' dir='ltr'>non</span> <span class='ocrx_word' id='word_1_193' title='bbox 866 1763 1051 1801; x_wconf 88' lang='lat' dir='ltr'>habuisse</span> <span class='ocrx_word' id='word_1_194' title='bbox 1081 1763 1194 1802; x_wconf 87' lang='lat' dir='ltr'>facile</span> <span class='ocrx_word' id='word_1_195' title='bbox 1227 1776 1247 1801; x_wconf 92' lang='lat' dir='ltr'>e</span> <span class='ocrx_word' id='word_1_196' title='bbox 1268 1767 1349 1802; x_wconf 87' lang='lat' dir='ltr'>toto</span> <span class='ocrx_word' id='word_1_197' title='bbox 1371 1777 1496 1813; x_wconf 84' lang='lat' dir='ltr'>gram-</span> 
     </span>
     <span class='ocr_line' id='line_1_25' title="bbox 17 1830 1496 1881; baseline 0.001 -14"><span class='ocrx_word' id='word_1_198' title='bbox 17 1831 144 1868; x_wconf 85' lang='lat' dir='ltr'>matici</span> <span class='ocrx_word' id='word_1_199' title='bbox 176 1843 282 1869; x_wconf 86' lang='lat' dir='ltr'>more</span> <span class='ocrx_word' id='word_1_200' title='bbox 315 1831 568 1879; x_wconf 88' lang='lat' dir='ltr'>intellegitur.</span> <span class='ocrx_word' id='word_1_201' title='bbox 627 1832 706 1868; x_wconf 86' lang='lat' dir='ltr'>Iam</span> <span class='ocrx_word' id='word_1_202' title='bbox 740 1830 789 1868; x_wconf 85' lang='lat' dir='ltr'>de</span> <span class='ocrx_word' id='word_1_203' title='bbox 820 1831 988 1880; x_wconf 87' lang='lat' dir='ltr'>Phayllo</span> <span class='ocrx_word' id='word_1_204' title='bbox 1025 1843 1184 1869; x_wconf 83' lang='lat' dir='ltr'>cursore</span> <span class='ocrx_word' id='word_1_205' title='bbox 1221 1834 1260 1869; x_wconf 91' lang='lat' dir='ltr'>et</span> <span class='ocrx_word' id='word_1_206' title='bbox 1289 1832 1496 1881; x_wconf 86' lang='lat' dir='ltr'>pentathlo</span> 
     </span>
     <span class='ocr_line' id='line_1_26' title="bbox 16 1890 1496 1949; baseline -0.001 -13"><span class='ocrx_word' id='word_1_207' title='bbox 16 1901 222 1948; x_wconf 84' lang='lat' dir='ltr'>praeterea</span> <span class='ocrx_word' id='word_1_208' title='bbox 254 1902 524 1947; x_wconf 79' lang='lat' dir='ltr'>exposuerunt</span> <span class='ocrx_word' id='word_1_209' title='bbox 555 1898 779 1936; x_wconf 84' lang='lat' dir='ltr'>Herodotus</span> <span class='ocrx_word' id='word_1_210' title='bbox 802 1899 904 1948; x_wconf 88' lang='lat' dir='ltr'>VIII,</span> <span class='ocrx_word' id='word_1_211' title='bbox 926 1902 990 1948; x_wconf 79' lang='lat'>47,</span> <span class='ocrx_word' id='word_1_212' title='bbox 1021 1899 1088 1948; x_wconf 85' lang='lat' dir='ltr'>qui</span> <span class='ocrx_word' id='word_1_213' title='bbox 1119 1911 1206 1937; x_wconf 87' lang='lat' dir='ltr'>eum</span> <span class='ocrx_word' id='word_1_214' title='bbox 1239 1890 1377 1948; x_wconf 73' lang='grc' dir='ltr'><em>ἄνδρα</em></span> <span class='ocrx_word' id='word_1_215' title='bbox 1402 1895 1496 1949; x_wconf 79' lang='grc' dir='ltr'><em>τρὶς</em></span> 
     </span>
     <span class='ocr_line' id='line_1_27' title="bbox 14 1963 1494 2017; baseline 0.002 -15"><span class='ocrx_word' id='word_1_216' title='bbox 14 1963 289 2017; x_wconf 70' lang='grc' dir='ltr'><em>πυθιονίκην</em></span> <span class='ocrx_word' id='word_1_217' title='bbox 319 1967 356 2003; x_wconf 89' lang='lat' dir='ltr'>in</span> <span class='ocrx_word' id='word_1_218' title='bbox 388 1978 522 2015; x_wconf 81' lang='lat' dir='ltr'>pugna</span> <span class='ocrx_word' id='word_1_219' title='bbox 553 1966 656 2014; x_wconf 88' lang='lat' dir='ltr'>apud</span> <span class='ocrx_word' id='word_1_220' title='bbox 679 1965 875 2004; x_wconf 84' lang='lat' dir='ltr'>Salamina</span> <span class='ocrx_word' id='word_1_221' title='bbox 906 1967 1009 2004; x_wconf 85' lang='lat' dir='ltr'>facta</span> <span class='ocrx_word' id='word_1_222' title='bbox 1040 1967 1258 2016; x_wconf 84' lang='lat' dir='ltr'>praefuisse</span> <span class='ocrx_word' id='word_1_223' title='bbox 1290 1968 1379 2005; x_wconf 89' lang='lat' dir='ltr'>navi</span> <span class='ocrx_word' id='word_1_224' title='bbox 1402 1968 1494 2006; x_wconf 81' lang='lat' dir='ltr'>Cro·</span> 
     </span>
     <span class='ocr_line' id='line_1_28' title="bbox 15 2023 1494 2084; baseline -0.001 -12"><span class='ocrx_word' id='word_1_225' title='bbox 15 2035 249 2072; x_wconf 83' lang='lat' dir='ltr'>toniatarum</span> <span class='ocrx_word' id='word_1_226' title='bbox 283 2033 387 2082; x_wconf 82' lang='lat' dir='ltr'>dicit,</span> <span class='ocrx_word' id='word_1_227' title='bbox 417 2034 532 2070; x_wconf 89' lang='lat' dir='ltr'>Paus.</span> <span class='ocrx_word' id='word_1_228' title='bbox 556 2034 600 2082; x_wconf 84' lang='lat' dir='ltr'>X,</span> <span class='ocrx_word' id='word_1_229' title='bbox 623 2035 658 2082; x_wconf 82' lang='lat'>9,</span> <span class='ocrx_word' id='word_1_230' title='bbox 683 2036 704 2072; x_wconf 82' lang='lat'>2</span> <span class='ocrx_word' id='word_1_231' title='bbox 742 2025 906 2084; x_wconf 69' lang='grc' dir='ltr'><em>Φαΰλῳ</em></span> <span class='ocrx_word' id='word_1_232' title='bbox 939 2029 983 2071; x_wconf 75' lang='grc' dir='ltr'>δὲ</span> <span class='ocrx_word' id='word_1_233' title='bbox 1015 2027 1306 2084; x_wconf 71' lang='grc' dir='ltr'><em>Κροτωνιάτῃ</em></span> <span class='ocrx_word' id='word_1_234' title='bbox 1337 2023 1494 2084; x_wconf 77' lang='grc' dir='ltr'><em>(Ὀλυμ-</em></span> 
     </span>
     <span class='ocr_line' id='line_1_29' title="bbox 17 2090 1494 2152; baseline 0 -13"><span class='ocrx_word' id='word_1_235' title='bbox 17 2097 139 2139; x_wconf 80' lang='grc' dir='ltr'><em>πίασι</em></span> <span class='ocrx_word' id='word_1_236' title='bbox 177 2097 256 2151; x_wconf 85' lang='grc' dir='ltr'>μέν</span> <span class='ocrx_word' id='word_1_237' title='bbox 289 2090 371 2138; x_wconf 73' lang='grc' dir='ltr'>οὐκ</span> <span class='ocrx_word' id='word_1_238' title='bbox 403 2094 522 2138; x_wconf 74' lang='grc' dir='ltr'><em>ἔστιν</em></span> <span class='ocrx_word' id='word_1_239' title='bbox 559 2090 677 2151; x_wconf 71' lang='grc' dir='ltr'><em>αὐτῷ</em></span> <span class='ocrx_word' id='word_1_240' title='bbox 712 2097 823 2152; x_wconf 79' lang='grc' dir='ltr'>νίκη,</span> <span class='ocrx_word' id='word_1_241' title='bbox 864 2091 940 2146; x_wconf 67' lang='grc' dir='ltr'><em>τὰς</em></span> <span class='ocrx_word' id='word_1_242' title='bbox 972 2097 1015 2138; x_wconf 70' lang='grc' dir='ltr'>δὲ</span> <span class='ocrx_word' id='word_1_243' title='bbox 1049 2100 1202 2139; x_wconf 72' lang='grc' dir='ltr'><em>Πυθοῖ</em></span> <span class='ocrx_word' id='word_1_244' title='bbox 1235 2095 1494 2139; x_wconf 70' lang='grc' dir='ltr'>πεντάθλου</span> 
     </span>
     <span class='ocr_line' id='line_1_30' title="bbox 16 2159 1494 2220; baseline 0.001 -14"><span class='ocrx_word' id='word_1_245' title='bbox 16 2163 95 2207; x_wconf 77' lang='grc' dir='ltr'>δύο</span> <span class='ocrx_word' id='word_1_246' title='bbox 135 2159 328 2206; x_wconf 75' lang='grc' dir='ltr'>ἀνείλετο</span> <span class='ocrx_word' id='word_1_247' title='bbox 367 2165 439 2206; x_wconf 82' lang='grc' dir='ltr'>καὶ</span> <span class='ocrx_word' id='word_1_248' title='bbox 477 2164 659 2206; x_wconf 82' lang='grc' dir='ltr'><em>σταδίου</em></span> <span class='ocrx_word' id='word_1_249' title='bbox 698 2161 780 2219; x_wconf 78' lang='grc' dir='ltr'>τὴν</span> <span class='ocrx_word' id='word_1_250' title='bbox 816 2165 987 2220; x_wconf 78' lang='grc' dir='ltr'><em>τρίτην)</em></span> <span class='ocrx_word' id='word_1_251' title='bbox 1027 2169 1138 2215; x_wconf 69' lang='grc' dir='ltr'><em>κτλ,</em></span> <span class='ocrx_word' id='word_1_252' title='bbox 1175 2169 1316 2208; x_wconf 88' lang='lat' dir='ltr'>deinde</span> <span class='ocrx_word' id='word_1_253' title='bbox 1352 2170 1494 2209; x_wconf 88' lang='lat' dir='ltr'>Zenob.</span> 
     </span>
     <span class='ocr_line' id='line_1_31' title="bbox 16 2227 1494 2287; baseline 0 -13"><span class='ocrx_word' id='word_1_254' title='bbox 16 2238 81 2287; x_wconf 88' lang='lat' dir='ltr'>VI,</span> <span class='ocrx_word' id='word_1_255' title='bbox 104 2240 154 2276; x_wconf 85' lang='lat'>23</span> <span class='ocrx_word' id='word_1_256' title='bbox 190 2232 299 2286; x_wconf 68' lang='grc' dir='ltr'>ὑπὲρ</span> <span class='ocrx_word' id='word_1_257' title='bbox 331 2227 384 2273; x_wconf 70' lang='grc' dir='ltr'><em>τὰ</em></span> <span class='ocrx_word' id='word_1_258' title='bbox 414 2232 675 2286; x_wconf 74' lang='grc' dir='ltr'>ἑοκαμμέναῑ</span> <span class='ocrx_word' id='word_1_259' title='bbox 708 2228 884 2282; x_wconf 68' lang='grc' dir='ltr'>Φαΰλος</span> <span class='ocrx_word' id='word_1_260' title='bbox 905 2232 1077 2287; x_wconf 72' lang='grc' dir='ltr'>ἐγένετο</span> <span class='ocrx_word' id='word_1_261' title='bbox 1104 2234 1360 2283; x_wconf 75' lang='grc' dir='ltr'><em>πένταθλος</em></span> <span class='ocrx_word' id='word_1_262' title='bbox 1382 2230 1494 2275; x_wconf 84' lang='grc' dir='ltr'><em>Πόν-</em></span> 
     </span>
     <span class='ocr_line' id='line_1_32' title="bbox 14 2295 1494 2358; baseline 0.001 -16"><span class='ocrx_word' id='word_1_263' title='bbox 14 2316 107 2350; x_wconf 81' lang='grc' dir='ltr'><em>τιος</em></span> <span class='ocrx_word' id='word_1_264' title='bbox 138 2295 184 2350; x_wconf 75' lang='grc' dir='ltr'>ὃς</span> <span class='ocrx_word' id='word_1_265' title='bbox 215 2298 356 2342; x_wconf 74' lang='grc' dir='ltr'><em>ἐδόκει</em></span> <span class='ocrx_word' id='word_1_266' title='bbox 393 2301 572 2355; x_wconf 78' lang='grc' dir='ltr'><em>μέγιστα</em></span> <span class='ocrx_word' id='word_1_267' title='bbox 604 2297 818 2342; x_wconf 70' lang='grc' dir='ltr'><em>δισκεύειν</em></span> <span class='ocrx_word' id='word_1_268' title='bbox 850 2302 921 2342; x_wconf 81' lang='grc' dir='ltr'>καὶ</span> <span class='ocrx_word' id='word_1_269' title='bbox 955 2296 1178 2343; x_wconf 73' lang='grc' dir='ltr'><em>ἅλλεσθαι.</em></span> <span class='ocrx_word' id='word_1_270' title='bbox 1232 2299 1380 2358; x_wconf 72' lang='grc' dir='ltr'><em>ἐπειδὴ</em></span> <span class='ocrx_word' id='word_1_271' title='bbox 1411 2296 1494 2343; x_wconf 78' lang='grc' dir='ltr'>οὖν</span> 
     </span>
     <span class='ocr_line' id='line_1_33' title="bbox 14 2362 1492 2424; baseline 0.001 -14"><span class='ocrx_word' id='word_1_272' title='bbox 14 2362 127 2423; x_wconf 73' lang='grc' dir='ltr'>ὑπὲρ</span> <span class='ocrx_word' id='word_1_273' title='bbox 167 2366 271 2417; x_wconf 71' lang='grc' dir='ltr'><em>τοὺς</em></span> <span class='ocrx_word' id='word_1_274' title='bbox 311 2367 606 2423; x_wconf 76' lang='grc' dir='ltr'>ἐσκαμμένους</span> <span class='ocrx_word' id='word_1_275' title='bbox 645 2366 926 2422; x_wconf 80' lang='grc' dir='ltr'><em>πεντήκοντα</em></span> <span class='ocrx_word' id='word_1_276' title='bbox 966 2364 1107 2417; x_wconf 78' lang='grc' dir='ltr'><strong><em>πόδας</em></strong></span> <span class='ocrx_word' id='word_1_277' title='bbox 1144 2368 1202 2418; x_wconf 81' lang='grc' dir='ltr'>εἰς</span> <span class='ocrx_word' id='word_1_278' title='bbox 1232 2367 1284 2411; x_wconf 80' lang='grc' dir='ltr'><em>τὸ</em></span> <span class='ocrx_word' id='word_1_279' title='bbox 1315 2367 1492 2424; x_wconf 77' lang='grc' dir='ltr'>στερεὸν</span> 
     </span>
    </p>
   </div>
   <div class='ocr_carea' id='block_1_3' title="bbox 118 2450 257 2453">
    <p class='ocr_par' dir='ltr' id='par_1_6' title="bbox 118 2450 257 2453">
     <span class='ocr_line' id='line_1_34' title="bbox 118 2450 257 2453; baseline 0 0"><span class='ocrx_word' id='word_1_280' title='bbox 118 2450 257 2453; x_wconf 95' lang='lat' dir='ltr'> </span> 
     </span>
    </p>
   </div>
   <div class='ocr_carea' id='block_1_4' title="bbox 13 2479 1493 2851">
    <p class='ocr_par' dir='ltr' id='par_1_7' title="bbox 13 2479 1493 2851">
     <span class='ocr_line' id='line_1_35' title="bbox 127 2479 1493 2525; baseline 0.001 -12"><span class='ocrx_word' id='word_1_281' title='bbox 127 2482 156 2522; x_wconf 80' lang='grc'>3)</span> <span class='ocrx_word' id='word_1_282' title='bbox 189 2480 358 2514; x_wconf 83' lang='lat' dir='ltr'>Ceterum</span> <span class='ocrx_word' id='word_1_283' title='bbox 385 2479 621 2522; x_wconf 83' lang='lat' dir='ltr'>Aeschinem,</span> <span class='ocrx_word' id='word_1_284' title='bbox 656 2480 709 2514; x_wconf 86' lang='lat' dir='ltr'>De</span> <span class='ocrx_word' id='word_1_285' title='bbox 734 2479 814 2515; x_wconf 83' lang='lat' dir='ltr'>fals.</span> <span class='ocrx_word' id='word_1_286' title='bbox 842 2481 910 2525; x_wconf 84' lang='lat' dir='ltr'>leg.</span> <span class='ocrx_word' id='word_1_287' title='bbox 931 2485 982 2524; x_wconf 75' lang='lat'>75,</span> <span class='ocrx_word' id='word_1_288' title='bbox 1015 2485 1051 2516; x_wconf 88' lang='lat' dir='ltr'>et</span> <span class='ocrx_word' id='word_1_289' title='bbox 1077 2481 1388 2524; x_wconf 78' lang='lat' dir='ltr'>Ctesiphont.150</span> <span class='ocrx_word' id='word_1_290' title='bbox 1421 2491 1493 2515; x_wconf 90' lang='lat' dir='ltr'>non</span> 
     </span>
     <span class='ocr_line' id='line_1_36' title="bbox 15 2535 1492 2581; baseline 0.001 -12"><span class='ocrx_word' id='word_1_291' title='bbox 15 2535 107 2569; x_wconf 83' lang='lat' dir='ltr'>hanc</span> <span class='ocrx_word' id='word_1_292' title='bbox 131 2545 255 2579; x_wconf 85' lang='lat' dir='ltr'>pacem</span> <span class='ocrx_word' id='word_1_293' title='bbox 282 2536 501 2579; x_wconf 85' lang='lat' dir='ltr'>significare,</span> <span class='ocrx_word' id='word_1_294' title='bbox 529 2537 593 2572; x_wconf 91' lang='lat' dir='ltr'>sed</span> <span class='ocrx_word' id='word_1_295' title='bbox 619 2538 811 2581; x_wconf 84' lang='lat' dir='ltr'>pactiones</span> <span class='ocrx_word' id='word_1_296' title='bbox 837 2544 921 2581; x_wconf 83' lang='lat' dir='ltr'>post</span> <span class='ocrx_word' id='word_1_297' title='bbox 946 2548 1105 2581; x_wconf 86' lang='lat' dir='ltr'>pugnam</span> <span class='ocrx_word' id='word_1_298' title='bbox 1132 2538 1178 2572; x_wconf 87' lang='lat' dir='ltr'>ad</span> <span class='ocrx_word' id='word_1_299' title='bbox 1194 2535 1492 2581; x_wconf 72' lang='lat' dir='ltr'>Aegospotamos</span> 
     </span>
     <span class='ocr_line' id='line_1_37' title="bbox 13 2591 1488 2638; baseline 0.003 -14"><span class='ocrx_word' id='word_1_300' title='bbox 13 2591 149 2626; x_wconf 79' lang='lat' dir='ltr'>factum</span> <span class='ocrx_word' id='word_1_301' title='bbox 175 2596 303 2626; x_wconf 86' lang='lat' dir='ltr'>contra</span> <span class='ocrx_word' id='word_1_302' title='bbox 320 2593 575 2638; x_wconf 82' lang='lat' dir='ltr'>Fritzschium‚</span> <span class='ocrx_word' id='word_1_303' title='bbox 600 2593 826 2638; x_wconf 79' lang='lat' dir='ltr'>Thesmoph.</span> <span class='ocrx_word' id='word_1_304' title='bbox 852 2605 885 2638; x_wconf 88' lang='lat' dir='ltr'>p.</span> <span class='ocrx_word' id='word_1_305' title='bbox 906 2598 981 2636; x_wconf 79' lang='lat'>304,</span> <span class='ocrx_word' id='word_1_306' title='bbox 1008 2599 1044 2628; x_wconf 86' lang='lat' dir='ltr'>et</span> <span class='ocrx_word' id='word_1_307' title='bbox 1062 2594 1252 2634; x_wconf 85' lang='lat' dir='ltr'>Cobetum,</span> <span class='ocrx_word' id='word_1_308' title='bbox 1279 2595 1300 2628; x_wconf 93' lang='lat' dir='ltr'>l.</span> <span class='ocrx_word' id='word_1_309' title='bbox 1318 2605 1348 2628; x_wconf 89' lang='lat' dir='ltr'>a.</span> <span class='ocrx_word' id='word_1_310' title='bbox 1374 2606 1408 2638; x_wconf 90' lang='lat' dir='ltr'>p.</span> <span class='ocrx_word' id='word_1_311' title='bbox 1431 2598 1488 2629; x_wconf 79' lang='lat'>151</span> 
     </span>
     <span class='ocr_line' id='line_1_38' title="bbox 20 2647 1491 2695; baseline 0.004 -15"><span class='ocrx_word' id='word_1_312' title='bbox 20 2651 90 2692; x_wconf 69' lang='lat'>158,</span> <span class='ocrx_word' id='word_1_313' title='bbox 121 2647 342 2683; x_wconf 88' lang='lat' dir='ltr'>novissimus</span> <span class='ocrx_word' id='word_1_314' title='bbox 375 2651 546 2693; x_wconf 81' lang='lat' dir='ltr'>exposuit</span> <span class='ocrx_word' id='word_1_315' title='bbox 579 2651 779 2694; x_wconf 60' lang='lat' dir='ltr'>(Hiber-tus,</span> <span class='ocrx_word' id='word_1_316' title='bbox 813 2651 833 2685; x_wconf 87' lang='lat'>1.</span> <span class='ocrx_word' id='word_1_317' title='bbox 860 2661 890 2685; x_wconf 86' lang='lat' dir='ltr'>a.</span> <span class='ocrx_word' id='word_1_318' title='bbox 923 2662 957 2694; x_wconf 88' lang='lat' dir='ltr'>p.</span> <span class='ocrx_word' id='word_1_319' title='bbox 984 2654 1046 2685; x_wconf 65' lang='lat'>:353</span> <span class='ocrx_word' id='word_1_320' title='bbox 1083 2651 1166 2684; x_wconf 88' lang='lat' dir='ltr'>adn.</span> <span class='ocrx_word' id='word_1_321' title='bbox 1195 2655 1244 2694; x_wconf 80' lang='lat'>19,</span> <span class='ocrx_word' id='word_1_322' title='bbox 1275 2661 1491 2695; x_wconf 84' lang='lat' dir='ltr'>quamquam</span> 
     </span>
     <span class='ocr_line' id='line_1_39' title="bbox 14 2703 1490 2752; baseline 0.004 -15"><span class='ocrx_word' id='word_1_323' title='bbox 14 2703 218 2738; x_wconf 85' lang='lat' dir='ltr'>Aeschines</span> <span class='ocrx_word' id='word_1_324' title='bbox 243 2705 322 2748; x_wconf 88' lang='lat' dir='ltr'>ipse</span> <span class='ocrx_word' id='word_1_325' title='bbox 348 2706 580 2741; x_wconf 86' lang='lat' dir='ltr'>condiciones</span> <span class='ocrx_word' id='word_1_326' title='bbox 606 2717 696 2750; x_wconf 85' lang='lat' dir='ltr'>quas</span> <span class='ocrx_word' id='word_1_327' title='bbox 721 2707 827 2742; x_wconf 84' lang='lat' dir='ltr'>affert</span> <span class='ocrx_word' id='word_1_328' title='bbox 852 2718 932 2742; x_wconf 86' lang='lat' dir='ltr'>cum</span> <span class='ocrx_word' id='word_1_329' title='bbox 957 2708 1037 2742; x_wconf 88' lang='lat' dir='ltr'>aliis</span> <span class='ocrx_word' id='word_1_330' title='bbox 1063 2712 1148 2751; x_wconf 83' lang='lat' dir='ltr'>post</span> <span class='ocrx_word' id='word_1_331' title='bbox 1166 2707 1338 2752; x_wconf 85' lang='lat' dir='ltr'>Cyzicum</span> <span class='ocrx_word' id='word_1_332' title='bbox 1363 2713 1399 2742; x_wconf 84' lang='lat' dir='ltr'>et</span> <span class='ocrx_word' id='word_1_333' title='bbox 1424 2709 1490 2743; x_wconf 89' lang='lat' dir='ltr'>Ar-</span> 
     </span>
     <span class='ocr_line' id='line_1_40' title="bbox 14 2759 1491 2810; baseline 0.005 -18"><span class='ocrx_word' id='word_1_334' title='bbox 14 2760 167 2802; x_wconf 81' lang='lat' dir='ltr'>ginusas</span> <span class='ocrx_word' id='word_1_335' title='bbox 201 2759 334 2794; x_wconf 77' lang='lat' dir='ltr'>oblatis</span> <span class='ocrx_word' id='word_1_336' title='bbox 367 2762 491 2805; x_wconf 78' lang='lat' dir='ltr'>aliqua</span> <span class='ocrx_word' id='word_1_337' title='bbox 521 2772 565 2796; x_wconf 85' lang='lat' dir='ltr'>ex</span> <span class='ocrx_word' id='word_1_338' title='bbox 598 2768 701 2807; x_wconf 83' lang='lat' dir='ltr'>parte</span> <span class='ocrx_word' id='word_1_339' title='bbox 735 2764 881 2798; x_wconf 73' lang='lat' dir='ltr'>videtur</span> <span class='ocrx_word' id='word_1_340' title='bbox 914 2765 1139 2807; x_wconf 78' lang='lat' dir='ltr'>confudisse,</span> <span class='ocrx_word' id='word_1_341' title='bbox 1173 2766 1238 2800; x_wconf 87' lang='lat' dir='ltr'>sed</span> <span class='ocrx_word' id='word_1_342' title='bbox 1271 2770 1327 2801; x_wconf 81' lang='lat' dir='ltr'>est</span> <span class='ocrx_word' id='word_1_343' title='bbox 1359 2770 1491 2810; x_wconf 83' lang='lat' dir='ltr'>orator,</span> 
     </span>
     <span class='ocr_line' id='line_1_41' title="bbox 14 2814 321 2851; baseline 0.01 -3"><span class='ocrx_word' id='word_1_344' title='bbox 14 2825 88 2849; x_wconf 89' lang='lat' dir='ltr'>non</span> <span class='ocrx_word' id='word_1_345' title='bbox 113 2814 321 2851; x_wconf 86' lang='lat' dir='ltr'>historicus.</span> 
     </span>
    </p>
   </div>
  </div>
 </body>
</html>
