1815 3231
1446 196 1521 229 15⁹

47 295 272 344 oppinionis
337 297 375 332 et
435 299 571 333 testem
637 309 752 346 quem
836 300 1030 347 opinionis
1081 306 1135 337 cst
1181 304 1395 351 testemque
1437 316 1521 340 csse

47 374 130 400 esse
148 361 415 400 Philemonem
434 364 624 402 comicum
649 364 753 402 dicit.
838 366 1097 405 Philemonem
1173 370 1358 407 cornicum
1431 370 1522 407 divit

47 419 100 467 ὃν
130 419 234 467 Οὐδὲ
835 425 887 468 ὃν
921 426 1019 469 ond}

250 489 309 542 ιςῖς
342 494 531 548 adino-w
562 489 662 535 (ηῗὸὲ
695 495 742 536 i-'v
774 499 918 537 ,ποιῶν

249 557 349 602 οὔτε
384 557 527 602 κακὸν
558 556 651 602 m'sst'
675 557 936 616 1'2(›'‹{61‘)7.131·,
976 559 1105 606 nero-
1137 564 1215 619 ‘'s-‘¹⁵
1238 566 1322 620 5711)

255 622 365 682 Ἀήρ,
399 622 450 669 ὃν
483 623 537 669 ἄν
567 645 631 678 τις
663 623 887 684 &rogator-ze
921 633 992 672 mci
1025 634 1112 673 Δία.

159 699 415 738 Scribendum
462 704 590 738 autem
633 713 717 739 esse
763 704 913 740 censuit
955 705 1233 753 Kiesslingius:
1284 719 1390 751 „cuni
1433 707 1524 744 (livit

46 767 271 806 zenodotus
313 768 441 806 Iovem
475 780 558 806 esse
589 772 682 806 acra
723 773 761 807 et
792 769 945 808 Oratem
984 771 1154 809 eiusdem
1189 785 1271 810 csse
1304 775 1522 823 oppinionis

48 831 114 884 [et]
158 837 377 884 testemque
419 844 506 874 esse
548 836 816 875 Philemonem
858 839 1041 876 comicum
1090 840 1155 888 qui
1199 840 1324 876 ‹licit.“
1398 841 1521 887 Quam

47 904 314 942 coniecturam
356 904 454 941 male
492 916 533 942 se
572 904 718 942 habere
758 918 861 942 nunc
900 918 982 942 sum
1026 906 1373 945 demonstraturus.
1432 910 1522 945 5611-

46 972 167 1010 tentia
198 971 389 1009 enuntiati
420 971 512 1009 inde
544 984 566 1009 a
599 972 728 1010 verbis
764 976 825 1017 „et
857 973 1088 1011 IIomcrum“
1124 975 1344 1023 incipientis
1376 988 1419 1012 ca
1451 979 1517 1018 est,

47 1042 90 1078 ut
121 1041 376 1090 opponantur
407 1039 510 1077 inter
541 1051 582 1077 se
614 1040 651 1088 ii,
688 1041 753 1088 qui
785 1041 915 1078 lovem
948 1042 1094 1079 caelum
1133 1046 1169 1079 et
1200 1043 1236 1090 ii,
1268 1043 1331 1091 qui
1364 1047 1454 1079 aera
1487 1047 1521 1079 et

48 1107 249 1146 aetherem
274 1106 459 1156 dixerint,
487 1106 592 1156 quod
616 1108 811 1156 particula
836 1111 972 1153 „cum“
997 1109 1136 1146 diserte
1159 1109 1360 1147 indicatur.
1409 1110 1521 1156 Quod

47 1176 78 1213 si
110 1179 216 1213 recte
250 1174 516 1224 exposuimus,
557 1176 802 1213 enuntiatum
834 1176 1072 1214 antecedens
1108 1178 1159 1214 ita
1190 1177 1521 1226 interpretandum

22 1232 134 1281 *esse
172 1241 343 1280 videtur:
386 1241 519 1280 docuit
551 1242 689 1280 Crates
730 1244 858 1280 Iovem
899 1243 1047 1280 caelum
1085 1243 1237 1292 quidem
1277 1244 1523 1289 nominatum,

46 1309 114 1348 sed
146 1309 247 1348 iusto
279 1309 364 1346 iure
395 1310 619 1347 invocatum
653 1313 782 1347 aerem
814 1312 852 1347 et
883 1310 1092 1347 aetherem.
1152 1311 1207 1347 Ea
1238 1313 1295 1347 est
1321 1310 1438 1359 igitur
1466 1323 1520 1348 re-

47 1390 132 1416 rum
165 1376 353 1425 condicio,
392 1379 434 1414 ut
472 1389 573 1426 quae
606 1376 784 1415 docuerit
815 1377 949 1416 Crates
980 1381 1095 1416 antea
1127 1377 1297 1415 breviter
1329 1378 1521 1426 explicen-

47 1447 123 1495 tur,
154 1444 297 1483 deinde
319 1445 551 1482 testimoniis
574 1444 867 1482 confirmentur.
927 1445 1098 1491 Quorum
1122 1445 1275 1482 testIum
1304 1445 1340 1482 in
1364 1457 1522 1482 numero

49 1525 136 1551 cum
168 1511 361 1550 Herodoti
391 1524 531 1550 nomen
564 1511 748 1549 traditum
777 1511 836 1557 sit,
869 1513 1072 1561 quaeritur
1103 1523 1191 1549 num
1225 1512 1333 1549 locus
1364 1524 1410 1549 ex
1442 1512 1524 1549 eius

48 1593 169 1630 opere
199 1580 346 1630 petitus
378 1580 454 1618 huc
492 1578 628 1617 referri
660 1579 793 1629 possit.
845 1580 938 1618 Cum
971 1582 1097 1617 autem
1130 1580 1282 1628 legatur
1314 1580 1328 1616 I
1355 1582 1448 1617 131:
1483 1573 1521 1614 oi

51 1644 97 1686 de
130 1644 326 1698 (Πέρσαι)
361 1643 588 1697 νομίζουσι
611 1643 676 1684 Διὶ
708 1643 864 1692 θυσίας
895 1640 1048 1696 εὀὁειι,
1080 1639 1159 1683 τὼ
1182 1639 1350 1683 κύκλοι
1379 1636 1524 1683 πιὲιτα

49 1714 131 1754 τοῦ
171 1705 375 1766 ουρανοῦ
405 1711 482 1753 Δία
524 1711 772 1761 καλέοντες,
814 1715 981 1752 dubitari
1022 1715 1166 1763 nequit,
1206 1715 1297 1763 quin
1340 1713 1524 1751 Hel-{odet

48 1797 189 1824 nomen
230 1784 384 1822 minime
424 1784 548 1822 errori
587 1783 788 1821 debeatur
853 1782 1033 1821 Ceterum
1074 1782 1191 1820 verba
1230 1782 1382 1829 scholii,
1422 1793 1523 1829 quac

47 1854 200 1902 integra
241 1864 327 1891 esse
365 1853 429 1889 vix
472 1852 678 1901 qu1squam
721 1850 941 1899 contendet,
984 1862 1066 1887 eam
1104 1850 1151 1887 ob
1184 1862 1262 1887 rem
1305 1848 1524 1886 difficiliora

49 1924 142 1960 sunt
171 1921 389 1970 intellectu,
430 1919 535 1969 quod
577 1919 801 1963 scholiasta,
842 1930 927 1956 cum
971 1922 1086 1955 antea
1124 1929 1222 1966 quae
1256 1918 1437 1965 leguntur
1478 1929 1524 1953 cx

50 1989 218 2028 Cratetis
249 1991 378 2027 mente
416 1987 633 2036 tradiderit,
669 1986 760 2024 inde
790 1998 812 2023 a
843 1998 939 2024 voce
974 1984 1107 2031 „cum‘
1150 1985 1186 2021 in
1226 1984 1438 2021 orationem
1472 1982 1523 2020 di-

49 2060 194 2096 rectam
227 2069 345 2106 quam
377 2056 512 2094 dicunt
543 2055 706 2093 transiit.
766 2052 931 2091 Accedit
962 2052 1066 2101 quod
1088 2051 1231 2089 librarii
1255 2051 1315 2088 vel
1337 2062 1523 2099 gramma-

49 2125 116 2163 tici
137 2127 291 2163 veteres
321 2123 443 2162 verba
465 2123 564 2161 male
586 2122 789 2160 intellecta
821 2120 1054 2158 coniecturis
1076 2119 1173 2156 male
1197 2117 1525 2167 depravaverunt.

50 2192 261 2230 Pristinam
294 2191 434 2229 scholii
466 2190 628 2229 formam
662 2190 761 2226 hanc
784 2187 863 2225 fere
886 2187 1005 2224 fuisse
1037 2189 1147 2235 puto:
1185 2189 1246 2230 „et
1275 2184 1526 2233 philosopho·

49 2272 134 2298 rum
157 2259 316 2309 quidem
340 2259 499 2309 plurimi
532 2257 722 2296 naturalis
754 2255 863 2293 aiunt
894 2266 979 2292 eum
1006 2254 1106 2291 Iovis
1129 2253 1358 2298 meminisse,
1391 2252 1524 2290 Crates

50 2329 181 2366 autem
212 2327 347 2365 Iovem
386 2326 531 2364 dictum
566 2325 728 2373 caelum,
764 2323 986 2360 invocatum
1020 2332 1112 2358 vero
1152 2319 1286 2357 merito
1324 2323 1451 2356 aerem
1490 2322 1527 2355 et

51 2396 263 2444 aetherem,
300 2386 406 2444 quod
438 2395 476 2432 in
508 2394 567 2431 his
605 2393 682 2430 sint
712 2391 848 2429 sidera.
899 2392 936 2427 et
967 2389 1178 2426 Homerum
1215 2388 1346 2425 Iovem
1378 2385 1523 2423 dixisse

50 2463 90 2501 in
128 2462 260 2512 aliqua
297 2464 408 2511 parte
450 2461 601 2499 caelum
638 2448 697 2504 ὠς
729 2449 766 2495 δ’
789 2447 859 2494 ὅτε
893 2486 899 2493 .
936 2486 943 2493 .
980 2486 985 2492 .
1029 2459 1066 2493 et
1103 2456 1228 2504 ipsum
1259 2454 1420 2491 Aratum
1454 2442 1526 2489 ιιι-’-

50 2523 133 2581 τὰρ
168 2559 176 2568 .
209 2559 217 2567 .
252 2559 282 2577 .,
319 2542 406 2568 611111
438 2529 532 2567 dicit
562 2526 787 2566 Herodotus
818 2525 950 2562 Iovem
983 2523 1127 2560 dictum
1160 2525 1285 2559 a‘e'rem
1323 2524 1360 2558 et
1393 2520 1528 2558 Crates

52 2598 226 2637 eiusdem
250 2597 448 2646 opinionis
469 2599 528 2635 est
558 2598 776 2643 testemque
799 2604 885 2630 esse
908 2591 1173 2628 Philemonem
1197 2588 1381 2626 comicum
1414 2586 1526 2626 dicit:

53 2656 106 2704 ὃν
137 2656 240 2704 οὐδὲ
272 2658 330 2710 εἷς
362 2663 482 2702 κτλ.“
546 2664 621 2701 Sed
654 2664 749 2700 haec
780 2662 977 2698 hactenus.

164 2734 369 2783 Reliquum
402 2736 472 2781 est,
510 2736 552 2770 ut
582 2731 630 2769 de
662 2729 789 2767 indole
820 2731 935 2775 atque
967 2729 1106 2763 natura
1138 2724 1230 2761 artis
1261 2722 1416 2759 criticae
1448 2722 1528 2758 Ze--

52 2802 187 2842 uodoti
211 2803 410 2852 Mallotae,
440 2802 640 2852 quantum
674 2810 719 2835 ex
742 2795 876 2848 paucis
898 2793 1072 2844 reliquiis
1104 2791 1288 2840 colligere
1311 2789 1411 2833 licet,
1442 2800 1515 2837 aga
