1830 3201
308 177 387 214 354

308 288 357 326 de
379 289 518 338 quibus
542 301 612 327 nos
635 289 795 337 agimus,
824 290 921 328 fiunt
942 291 1014 328 iam
1038 294 1223 330 autumno
1246 293 1338 338 395,
1366 291 1411 329 cf.
1434 292 1787 341 Breitenbachius).

307 357 350 393 In
384 357 454 393 hac
484 355 605 405 igitur
635 369 677 394 re
707 362 844 405 aperte
875 358 1019 395 erravit
1046 358 1280 404 Kaehlerus⁷
1311 371 1549 408 quamquam
1581 360 1642 398 hic
1674 373 1786 399 error

307 424 354 461 ad
387 424 678 462 ecelesiacuson
711 427 862 473 tempus
893 425 1209 463 constituendum
1242 439 1319 464 non
1351 429 1410 464 est
1440 428 1568 475 magni
1593 428 1786 466 momenti.

309 490 367 528 Ad
401 491 505 540 quod
543 502 628 528 cum
662 492 907 540 revertImur,
945 493 1053 530 clara
1085 505 1147 530 res
1182 493 1256 530 iam
1294 506 1398 531 nunc
1435 494 1607 542 videtum
1645 508 1785 544 nempe

308 570 393 595 cum
428 557 651 606 Diophanto
683 562 865 607 praetore
896 558 1035 597 foedus
1066 560 1210 598 factum
1242 561 1290 598 sit
1322 558 1420 608 96s2
1443 577 1496 590 =
1519 559 1656 609 395s4,
1687 562 1782 611 quid

307 625 546 674 probabilius
584 628 641 663 est
678 630 793 674 q'uam
833 626 979 664 lenaeis
1019 626 1084 673 (cf.
1115 628 1347 676 Kaehlerus,
1376 629 1398 665 l.
1427 641 1463 666 a.
1495 641 1530 678 p.
1553 627 1593 674 5)
1626 632 1704 668 392
1734 645 1785 660 =

307 690 405 740 96s4
444 692 608 730 fabulam
643 693 796 731 doctam
835 705 933 743 csse,
973 707 1050 743 qua
1086 694 1124 732 in
1164 695 1357 733 sententia
1394 696 1575 745 plerique
1612 697 1787 735 homines

307 761 411 798 docti
444 761 738 810 acquieverunt,
769 774 868 810 quos
900 765 1132 800 enumerant
1163 762 1358 808 Goetzius,
1389 775 1426 812 p.
1454 766 1532 802 335
1565 763 1653 801 adn.
1683 768 1718 813 2,
1749 768 1788 803 et

307 829 541 877 Kaehlerus,
572 841 606 876 p.
627 832 652 868 4
684 829 773 867 adn.
800 833 877 868 14?
927 830 1002 868 Sed
1035 843 1119 868 cum
1152 831 1298 880 primus
1321 831 1537 869 Palmerius
1575 832 1613 869 in
1637 832 1786 870 dubita·

307 898 447 935 tionem
482 897 681 935 vocaverit
712 898 915 946 scholium,
946 898 1295 936 Tschorzewskius
1327 891 1407 935 δύο
1431 911 1478 937 ex
1501 890 1537 936 δ’
1561 904 1786 949 corruptum

307 977 391 1002 esse
423 968 531 1001 ratus
570 964 619 1001 ad
652 963 806 1011 390s89
837 966 1029 1015 pervenit,
1064 966 1112 1003 ad
1152 966 1316 1004 eundem
1349 979 1493 1004 annum
1530 967 1606 1005 alia
1637 968 1788 1005 ratione

308 1044 399 1069 usus
431 1032 626 1079 Goetzius,
664 1033 730 1082 qui
763 1033 836 1071 hoc
868 1034 959 1071 mihi
991 1034 1139 1082 primus
1170 1034 1328 1072 videtur
1358 1037 1464 1072 certo
1496 1034 1681 1083 probasse
1720 1035 1787 1073 fal-

307 1112 388 1137 sum
426 1112 511 1137 esse
546 1099 595 1137 ad
635 1100 683 1138 ol.
711 1098 809 1147 96l4
842 1096 989 1149 [referri
1027 1101 1208 1150 fabulam,
1246 1101 1284 1139 id
1316 1101 1420 1150 quod
1452 1102 1635 1151 probavit
1672 1103 1787 1140 etiam

307 1167 510 1204 Velsenus.
569 1167 694 1214 Quem
723 1171 828 1205 recte
860 1171 956 1217 puto
986 1168 1135 1214 fecisse,
1168 1168 1273 1218 quod
1305 1172 1452 1206 certum
1485 1181 1642 1217 anuum,
1672 1182 1787 1218 quem

307 1234 528 1272 enucleavit
560 1235 756 1284 Goetzius‚
788 1235 983 1281 refutavit,
1017 1239 1058 1273 ut
1090 1248 1174 1273 cum
1209 1239 1299 1274 ante
1322 1237 1479 1274 Plutum
1512 1232 1580 1286 (ol.
1602 1233 1716 1284 97l4)
1748 1237 1787 1274 in

307 1314 463 1339 scenam
503 1303 706 1340 commissa
737 1303 786 1340 sit
817 1302 949 1340 fabula
987 1306 1110 1341 restet
1148 1304 1232 1341 sola
1264 1304 1311 1341 ol.
1342 1301 1437 1351 97s1
1468 1307 1536 1341 aut
1563 1306 1586 1342 2
1624 1302 1788 1350 (lenaeis

308 1374 384 1409 391
410 1374 476 1409 aut
499 1369 577 1416 90).
638 1371 669 1408 Ε
701 1371 844 1420 quibus
874 1371 1116 1420 temporibus
1147 1371 1370 1409 Kaehlerus
1402 1383 1552 1409 summa
1583 1383 1669 1409 cnm
1701 1384 1787 1420 pro-

307 1438 504 1475 babilitate
536 1437 600 1484 (cf.
631 1451 667 1487 p.
691 1438 871 1481 20—24)
904 1439 951 1476 ol.
982 1436 1080 1484 97J2
1115 1438 1203 1475 milii
1234 1438 1392 1476 videtur
1424 1439 1635 1487 accepisse,
1671 1451 1787 1487 quam

307 1506 538 1543 sententiam
576 1508 667 1543 ante
699 1518 786 1543 eum
827 1505 1014 1543 indicavit
1048 1506 1238 1543 Velsenus
1277 1506 1299 1543 l.
1328 1518 1361 1543 a.
1392 1519 1429 1555 p.
1457 1508 1549 1545 395.
1608 1506 1718 1553 Quae
1755 1506 1786 1543 si

307 1576 411 1610 recte
442 1586 483 1611 se
515 1573 669 1621 habent,
701 1573 823 1611 altero
857 1585 1016 1622 quoquc
1048 1574 1142 1611 vitio
1174 1593 1228 1598 ——
1259 1577 1297 1611 et
1328 1573 1400 1610 iam
1433 1585 1502 1610 cur
1533 1573 1629 1611 haec
1660 1572 1788 1611 omnia

306 1641 451 1689 egerim
484 1640 594 1678 vides
627 1660 678 1665 ——-
711 1641 846 1678 scholii
870 1640 990 1678 verba
1022 1643 1207 1690 corrupta
1239 1644 1341 1678 sunt.
1401 1640 1653 1679 Scribendum
1686 1640 1787 1678 enim

311 1702 346 1745 δ’
379 1721 450 1757 pro
474 1701 551 1745 (δύο
585 1708 650 1754 (cf.
679 1708 800 1746 schol.
824 1708 896 1746 Av.
921 1710 998 1754 13),
1031 1721 1116 1745 cum
1150 1708 1398 1757 Diophantus
1429 1712 1531 1745 esset
1560 1710 1651 1745 ante
1673 1708 1788 1746 Nico-

306 1777 419 1814 telem
453 1773 641 1823 (391l90)
673 1779 848 1823 quartus.
907 1776 960 1813 At
991 1775 1095 1813 dicat
1126 1775 1335 1824 quispiam:
1378 1775 1535 1824 negavit
1566 1775 1786 1813 Kaehlerus

307 1843 444 1881 foedus
482 1843 626 1882 sactum
658 1856 741 1881 csse
782 1844 854 1881 hoc
886 1843 1086 1881 archonte.
1145 1844 1247 1880 Num
1285 1845 1389 1893 stare
1420 1845 1548 1891 potest
1587 1843 1787 1881 calculus?

308 1912 421 1950 Certe
452 1915 539 1949 stat.
598 1912 698 1949 Nam
737 1911 799 1949 hic
837 1912 913 1949 illic
944 1911 1110 1948 vidimus
1148 1910 1185 1948 in
1223 1910 1381 1948 scholiis
1418 1922 1547 1948 rerum
1587 1914 1785 1960 gestarum

307 1984 458 2028 tempus
489 1980 541 2017 ita
571 1992 654 2017 esse
677 1978 808 2028 fixum,
840 1983 881 2016 ut
911 1979 1033 2016 solum
1067 1978 1089 2016 ii
1114 1980 1316 2027 praetores
1348 1977 1542 2015 numerati
1571 1978 1661 2027 sint,
1692 1990 1786 2027 quo-

309 2060 390 2084 rum
430 2048 519 2085 anni
558 2048 627 2085 toti
667 2047 815 2096 expleti
854 2049 978 2095 erant,
1015 2047 1154 2084 omisso
1193 2050 1231 2084 et
1268 2046 1393 2095 primo
1434 2048 1472 2082 et
1509 2047 1682 2083 extremo
1723 2044 1787 2092 (cf.

307 2115 424 2152 schol.
449 2117 562 2163 Vesp.
591 2117 688 2163 2403
724 2115 814 2151 Pac.
837 2113 945 2163 990),
975 2125 1092 2162 quem
1115 2113 1305 2151 calculum
1337 2112 1413 2150 huc
1436 2112 1634 2150 transtulit
1656 2113 1785 2150 Kaeh-

309 2183 423 2219 lerus.
483 2181 557 2219 Sed
582 2182 654 2219 hoc
676 2182 950 2230 unusquisque
973 2180 1170 2229 concedet,
1203 2181 1232 2218 si
1255 2180 1377 2218 altero
1400 2179 1552 2218 calculo
1575 2180 1629 2217 uti
1651 2191 1786 2228 possu-

308 2262 402 2295 mus,
440 2262 485 2288 eo
518 2250 652 2298 utiquc
684 2261 768 2287 esse
801 2248 1001 2298 utendum,
1038 2252 1080 2286 ut
1119 2261 1204 2286 cum
1243 2249 1316 2286 iam
1349 2248 1561 2287 viderimus
1597 2248 1786 2287 archonte

310 2317 532 2366 Diophanto
565 2317 705 2355 foedus
738 2329 822 2355 esse
853 2317 999 2355 factum
1032 2317 1106 2354 iam
1138 2316 1270 2366 paullo
1293 2317 1429 2355 melius
1459 2318 1554 2366 puto
1585 2328 1666 2354 rem
1697 2328 1786 2366 pro-

309 2384 461 2422 cedere.

425 2452 490 2495 19)
532 2452 658 2490 Schol.
681 2453 782 2490 Plut.
806 2455 923 2498 1146,
956 2452 1019 2490 ubi
1043 2452 1119 2490 tria
1142 2452 1262 2490 habes
1285 2451 1448 2489 scholia:
1479 2453 1494 2490 1
1528 2452 1550 2489 1.
1572 2451 1728 2490 44-1.
1749 2453 1784 2496 5,

310 2520 343 2556 ΙΙ
377 2520 398 2556 l.
426 2521 585 2569 6-15,
627 2520 681 2557 ΙΙΙ
711 2520 733 2557 l.
764 2523 948 2568 16-36,
990 2532 1155 2569 quorum
1198 2521 1435 2568 postremum
1476 2518 1784 2557 recentissimum

313 2599 397 2624 esse
429 2590 466 2625 et
496 2587 586 2624 inde
617 2589 726 2636 patet
757 2586 862 2636 quod
895 2587 1004 2625 abest
1035 2599 1057 2624 a
1079 2588 1110 2624 V
1142 2589 1180 2624 et
1210 2598 1282 2624 usu
1304 2586 1484 2624 vocabuli
1516 2577 1705 2623 ὄπισθεν
1735 2585 1785 2623 ad.

312 2654 437 2691 locum
469 2653 763 2692 antecedentem
795 2655 916 2692 schol.
938 2654 1038 2692 Plut.
1061 2656 1142 2692 550
1174 2654 1196 2691 l.
1219 2657 1355 2692 3—10
1385 2652 1637 2698 ostendentis,
1669 2664 1783 2701 quem

310 2733 420 2758 usum
454 2734 474 2758 a
506 2721 735 2770 Byzantinis
767 2721 919 2759 demum
951 2722 1163 2760 adhibitum
1197 2733 1283 2759 esse
1320 2720 1501 2769 probavit
1529 2718 1783 2766 Lehrsiusffl)

310 2788 390 2828 lam
422 2791 573 2827 restant
603 2788 678 2826 alia
701 2787 777 2826 duo
800 2788 948 2826 scholia
979 2789 1026 2826 ad
1049 2788 1215 2827 eundem
1238 2788 1381 2827 fontem
1405 2787 1640 2837 recedentia,
1672 2787 1783 2825 euius
