1830 3201
263 164 341 201 208

260 273 385 311 altera
408 270 614 317 cxliibct¹),
647 285 733 309 cum
762 273 800 309 in
823 272 946 310 altera
973 274 1090 321 atque
1118 272 1155 309 in
1178 271 1314 309 scholii
1336 272 1516 309 lemmate
1545 273 1731 321 scriptum

261 342 386 378 exstet
408 329 673 389 Περμησσός,
702 339 916 388 quaeritur,
937 351 1051 388 quem
1072 339 1108 376 111
1133 338 1289 376 modum
1312 338 1546 388 explicanda
1567 340 1616 377 sit
1638 341 1734 377 haec

259 408 456 445 nominum
494 406 726 444 differentia.
785 405 899 453 Quod
932 406 1068 444 Crates
1106 400 1153 442 ἐπ’
1184 409 1274 450 τοῖς
1304 403 1609 451 Βοιωτικοῖςῗ)
1646 419 1734 456 pro-

260 475 390 524 posuit
420 473 627 522 legendum
660 485 744 511 esse
774 470 1063 523 Παρμησοῖο,
1094 473 1380 522 respiciendum
1414 485 1498 511 esse
1530 485 1607 511 non
1629 474 1735 512 vide-

260 545 334 587 tur,
372 552 457 578 cum
491 539 614 577 forma
645 532 926 590 Περμησσός,
959 542 1000 577 ut
1030 539 1133 578 infra
1164 539 1348 585 dicemus,
1380 540 1609 578 testimoniis
1640 541 1736 578 satis

263 607 523 646 confirmetur.
588 608 729 656 Atque,
768 609 810 644 ut
847 607 1053 645 redeamus
1093 607 1142 645 ad
1187 607 1343 645 nomina
1384 607 1658 652 „Permessus“
1699 611 1738 645 et

266 673 540 723 „Termesus“,
571 675 781 712 scholiasta
812 673 967 723 quidem
1002 671 1138 712 dicens
1170 669 1217 711 ἐν
1245 670 1290 711 δὲ
1318 678 1412 719 ταῖς
1433 671 1738 725 Ζηνοδοτείοις

262 735 473 792 γράφξται
501 740 750 792 Τερμησοῖο,
789 739 951 786 κακῶς·
992 732 1015 778 ὃ
1046 733 1127 791 γὰρ
1166 734 1378 792 Τερμησὸς
1416 732 1517 792 ὅρος
1547 736 1637 780 ἐστὶ
1666 738 1739 779 καὶ

263 800 316 846 011
346 801 544 858 ποταμός
580 808 779 847 Zenodoto
816 809 1051 858 vituperium
1087 809 1238 858 inflixit,
1277 809 1383 858 quod
1421 810 1562 847 montis
1598 822 1738 848 nomen

263 890 333 926 pro
365 877 481 914 fluvio
520 876 617 914 falso
648 876 685 914 in
718 878 866 914 textum
899 876 1093 925 receperit
1124 888 1263 914 vocum
1295 877 1545 914 similitudine
1576 876 1740 915 fortasse

265 946 491 982 commotus.
555 942 641 990 Qua
678 943 714 980 in
755 955 796 980 re
836 943 1081 980 scholiastam
1125 954 1278 980 errasse
1321 954 1479 992 censeo,
1525 956 1610 981 nam
1654 956 1739 982 cum

266 1025 375 1050 1161110
417 1013 575 1060 praeter
610 1010 749 1060 ipsum,
790 1013 979 1060 quantum
1017 1010 1169 1055 scimus,
1211 1011 1326 1048 huius
1367 1011 1534 1049 nominis
1572 1015 1740 1050 montem

266 1079 428 1124 noverit,
460 1077 668 1115 verisimile
700 1089 785 1116 esse
817 1077 972 1115 videtur
1003 1090 1090 1116 eum
1122 1078 1350 1116 Termesum
1383 1081 1420 1116 et
1450 1077 1741 1125 Teumessumss)

267 1147 509 1195 distinguere
532 1145 719 1183 omisisse.
778 1145 921 1194 Aptius
943 1145 980 1182 in
1005 1145 1201 1183 nominum
1225 1144 1489 1194 discrepantia
1510 1145 1743 1195 explicanda

267 1214 389 1263 primo
422 1213 559 1250 obtutu
591 1213 615 1249 ii
644 1213 789 1250 versati
822 1224 907 1250 esse
938 1211 1134 1257 videntur,
1167 1212 1231 1261 qui
1263 1212 1504 1250 diversorum
1535 1213 1742 1251 fluviorum

267 1281 459 1319 Permessi
492 1283 530 1317 et
559 1280 736 1317 Termesi
758 1280 915 1318 nomina
947 1283 1181 1317 commutata
1206 1291 1291 1318 esse
1321 1279 1610 1329 putaverunt.4)
1669 1281 1742 1320 Sed

269 1361 316 1386 ne
338 1348 409 1385 hae
431 1346 587 1396 quidem
608 1346 909 1396 argumentandi
932 1347 995 1385 via
1025 1347 1210 1396 progredi
1238 1348 1345 1392 licet3
1378 1360 1465 1385 nam
1498 1351 1743 1394 erraverunt,

269 1416 335 1465 qui
366 1416 594 1453 Termesum
626 1417 664 1452 et
694 1415 940 1452 Permessum
978 1414 1137 1451 flumina
1169 1413 1325 1452 diversa
1362 1415 1628 1463 intellegenda
1659 1427 1745 1453 esse

270 1482 565 1521 contenderunt.
626 1481 859 1519 Perhibetur
888 1484 1016 1519 autem
1050 1493 1190 1519 nomen
1211 1481 1388 1519 Tcrmesi
1419 1485 1577 1531 praeter
1603 1483 1742 1530 locum,

269 1550 317 1588 de
340 1562 416 1599 quo
439 1550 602 1598 agimus,
634 1548 739 1597 apud
771 1549 886 1586 Paus.
908 1548 962 1586 IX
985 1560 1016 1586 6.
1034 1550 1096 1594 29,
1119 1546 1202 1594 55);
1234 1548 1374 1586 fluvius
1395 1550 1625 1587 Permessus
1646 1562 1745 1588 com-

270 1620 506 1656 memoratur
538 1615 642 1665 apud
671 1615 789 1665 Verg.
817 1616 911 1653 Buc.
939 1615 991 1653 VI
1020 1618 1089 1660 643
1126 1616 1220 1654 Stat.
1240 1615 1364 1653 Theb.
1392 1616 1464 1653 VII
1489 1618 1584 1666 1833
1621 1616 1746 1655 Sti-ab.

270 1686 325 1722 IX
357 1697 393 1734 p.
414 1686 514 1733 4073
543 1683 626 1721 Nic.
647 1683 766 1721 Ther.
789 1681 897 1729 12⁶);
930 1682 1124 1721 Ps.-Serv.
1156 1683 1303 1721 Oomm.
1327 1682 1366 1720 in
1390 1684 1502 1732 Verg.
1523 1684 1617 1721 Buc.
1638 1684 1672 1721 X
1696 1686 1745 1722 12

271 1752 336 1798 (cf.
356 1751 473 1789 schol.
497 1751 533 1788 in
552 1751 633 1788 luv.
651 1751 722 1787 VII
741 1749 799 1796 6);
819 1750 911 1788 Hes.
932 1762 960 1788 s.
978 1763 1012 1787 v.
1030 1742 1268 1801 Περμησός.
1308 1750 1457 1798 Quodsi
1480 1750 1748 1800 conferuntur,

273 1831 372 1869 quae
404 1821 559 1857 exstant
589 1830 651 1867 ap.
678 1818 792 1855 Paus.
819 1818 840 1855 l.
864 1830 893 1855 6.
926 1813 1150 1867 θυγατέρα
1173 1812 1218 1854 δὲ
1238 1809 1347 1855 εἶναι
1376 1808 1458 1867 τήν
1480 1807 1749 1868 Ἀγανίππην

272 1885 352 1925 τοῦ
388 1882 606 1936 Τερμησοῦ
645 1880 834 1935 λέγουσι·
878 1878 945 1934 ῥεῖ
981 1880 1025 1922 δὲ
1066 1881 1137 1921 καὶ
1175 1872 1305 1930 οὗτος
1342 1874 1364 1922 ὁ
1402 1876 1613 1936 Τερμησὸς
1647 1880 1748 1933 περὶ

273 1946 351 1993 τὸν
370 1944 584 1992 Ἑλικῶνα
614 1956 652 1991 et
679 1965 740 2002 ap.
762 1952 952 1990 Ps.-Serv.
974 1953 997 1990 l.
1019 1964 1066 1990 c.:
1103 1952 1388 1998 „Callimachus
1410 1952 1643 2002 Aganippen
1665 1952 1748 1990 fon-

274 2029 349 2061 tem
383 2034 466 2060 esse
504 2021 595 2059 dicit
631 2021 824 2058 Permessi
854 2015 1059 2066 fl'uminis‘ss
1105 2019 1264 2058 dubium
1303 2020 1393 2057 mihi
1431 2032 1508 2058 non
1546 2023 1615 2070 est,
1654 2020 1748 2069 quin

275 2093 485 2130 Termesus
516 2091 554 2127 et
584 2089 813 2126 Permessus
844 2087 944 2125 idem
976 2087 1119 2125 fluvius
1151 2088 1199 2125 sit
1231 2085 1487 2137 habendus7),
1526 2088 1609 2137 etsi,
1647 2100 1749 2137 quae

391 2211 417 2251 ¹)
447 2208 539 2241 Num
565 2207 653 2241 haec
676 2205 784 2241 lectio
810 2205 936 2240 redeat
960 2205 1005 2239 ad
1031 2205 1256 2239 Zenodotum
1282 2214 1396 2239 necne
1422 2215 1492 2239 non
1520 2204 1691 2240 diiudieo.

388 2267 419 2307 2)
451 2263 506 2300 Cf.
530 2263 641 2298 schol.
667 2263 712 2297 ad
738 2263 770 2297 h.
788 2263 809 2296 l.

389 2323 417 2364 ³)
444 2319 497 2356 Cf.
516 2320 640 2363 Steph.
654 2320 742 2364 Byz.
756 2330 827 2354 s.v.
845 2315 1079 2362 Τευμησσόςε
1097 2314 1188 2362 ὅρος
1198 2317 1400 2361 Βοιωτίαςς
1417 2317 1546 2352 Strabo
1558 2318 1609 2352 IX
1623 2329 1656 2362 p.
1669 2321 1751 2362 4093

278 2379 384 2412 Paus.
402 2377 455 2410 IX
479 2387 507 2411 c.
528 2380 577 2420 19,
599 2379 630 2418 13
662 2375 773 2410 schol.
797 2375 843 2408 ad
866 2376 952 2408 Eur.
968 2373 1101 2409 Phoen.
1120 2377 1272 2417 v.11003
1302 2373 1388 2408 Hes.
1413 2383 1440 2408 8.
1458 2385 1492 2408 v.
1516 2370 1750 2417 Τευμησσόςς

279 2433 470 2475 Hermann,
496 2432 587 2476 Opp.
606 2431 657 2465 Vl
682 2442 716 2475 p.
738 2434 809 2465 153.

393 2491 420 2531 ⁴)
446 2487 500 2524 Cf.
518 2489 648 2531 Kruse,
666 2487 789 2522 Hellas
806 2487 894 2521 oder
911 2490 1126 2531 geogr.-ant.
1140 2486 1377 2529 Darstellung
1394 2486 1426 2521 d.
1445 2486 1541 2520 alten
1555 2484 1751 2520 Griechen-

280 2546 386 2580 lands
412 2546 485 2580 und
511 2544 630 2578 seiner
656 2544 852 2578 Colonieen
877 2543 909 2577 II
934 2555 969 2587 p.
988 2546 1062 2578 483.

392 2602 421 2645 ⁵)
455 2602 496 2635 In
521 2600 691 2634 librorum
717 2603 830 2643 parte,
863 2604 904 2633 ut
935 2599 1022 2634 alias
1053 2598 1318 2642 discrepantias
1349 2598 1542 2641 mittamus,
1574 2597 1751 2642 scriptum

283 2662 339 2692 est
365 2652 602 2701 Περμησσός.

394 2714 421 2753 6)
453 2712 580 2746 Forma
604 2708 833 2755 Περμησσός
864 2710 1090 2745 restituenda
1114 2712 1171 2744 est
1194 2719 1238 2743 ex
1264 2709 1345 2743 libri
1372 2708 1498 2753 optimi
1523 2708 1750 2743 auctoritate.

397 2771 423 2807 ⁷)
460 2768 519 2801 Sic
555 2770 762 2801 statuerunt
793 2766 998 2809 Goettling,
1035 2765 1228 2807 Hermann,
1258 2763 1349 2808 Opp.
1368 2764 1420 2797 VI
1450 2775 1486 2812 p.
1505 2767 1585 2807 1533
1620 2762 1751 2798 Schoe-
