1830 3201
321 198 400 233 330

434 305 471 352 1)
515 306 642 344 Schol.
670 306 764 342 Rau.
788 307 882 343 694:
914 301 987 341 καὶ
1019 303 1257 350 Πλαταιᾶς·
1290 296 1387 343 ἀντὶ
1418 304 1499 343 τοῦ
1530 302 1791 351 Πλαταιέας·

316 367 419 419 τοὺς
449 365 893 423 συνναυμαχήσαντας
924 365 1112 419 δούλους
1138 362 1390 418 Ἑλλάνικός
1421 381 1525 424 φησι
1555 369 1792 424 ἐλευθερω-

316 440 452 492 θῆναι
482 436 556 477 καὶ
586 434 881 491 ἐγγραφέντας
912 435 971 485 (ὸς
993 438 1226 486 Πλαταιεῖς
1253 434 1686 490 συμπολιτεύσασθαι
1717 431 1791 479 αὖ·

314 513 405 553 τοῖς
422 500 593 555 διεξιών
612 500 701 544 τὰ)
684 503 755 544 επὶ
770 496 1040 557 Αντιγένους
1061 505 1142 544 τοῦ
1161 498 1248 557 πρὸ
1267 504 1480 557 Καλλίου,
1502 510 1546 546 cf
1566 510 1791 558 Muellerus

313 576 386 625 frg.
413 578 482 614 80:
524 576 601 624 Ip.
626 578 688 614 56.
748 575 1025 623 Fragmentum
1060 575 1184 624 ipsum
1225 587 1300 612 non
1339 579 1447 613 calet
1483 576 1790 614 difficultatibus.

313 645 411 681 Nam
445 655 492 681 ex
524 642 699 690 Xenoph.
726 642 827 679 Hell.
855 642 882 691 Ι,
913 644 948 691 6,
972 645 991 679 1
1029 639 1094 691 τῷ
1126 631 1163 678 δ
1190 634 1360 679 ἐπιόντι
1392 635 1474 679 ἔτει
1505 638 1541 678 ὠ
1575 654 1600 692 η
1634 635 1790 693 σεληνη

312 706 506 758 ἐξέλιπεν
535 703 716 759 ἑσπέρας
747 708 796 756 (a.
820 709 854 747 d.
882 710 990 747 XVII
1020 710 1109 747 Kal.
1130 709 1253 747 Maias
1275 707 1372 755 406)
1410 712 1563 748 constat
1600 711 1789 748 archonte

311 778 431 817 Callia
461 775 587 825 406s5
627 777 708 815 fere
740 788 871 814 mense
902 776 1118 825 Septembri
1156 777 1333 814 evenisse
1370 777 1564 826 proelium
1596 776 1644 814 ad
1675 777 1788 826 Argi—

309 857 445 895 nusas,
493 858 579 883 cum
622 845 746 894 pridie
788 844 876 882 Kal.
908 844 979 882 Iul.
1026 843 1089 890 (cf.
1127 844 1328 893 Ungerus:
1375 844 1407 882 J.
1441 844 1617 882 Muelleri
1654 844 1786 883 Hand-

309 913 413 950 buch
446 913 463 950 I
502 926 538 962 p.
570 910 667 958 589)
710 910 927 961 Antigenes
970 924 990 949 e
1032 924 1193 950 munere
1235 911 1490 950 discessisset.
1561 913 1636 950 Iam
1678 912 1786 951 vides

308 981 551 1018 Hellanicum
584 981 659 1018 hoc
693 980 881 1018 archonte
913 983 1176 1029 exponentem
1207 972 1314 1025 τοὺς
1344 973 1786 1031 συνναυμαχήσαντας

305 1048 400 1085 κτλ.
461 1049 586 1096 Quam
616 1047 893 1097 difficultatem,
934 1060 1012 1096 qua
1053 1047 1294 1096 potissimum
1330 1048 1485 1096 Islerus,
1522 1048 1543 1084 l.
1571 1061 1604 1086 a.
1635 1061 1671 1097 p.
1696 1051 1786 1098 116,

306 1120 520 1154 commotus
551 1118 619 1161 est,
659 1119 702 1153 ut
734 1115 914 1153 crederet
944 1114 1051 1165 apud
1082 1115 1326 1153 Hellanicum
1358 1115 1455 1153 nihil
1486 1115 1681 1154 exstitisse
1712 1117 1784 1155 nisi

304 1174 407 1227 zoi-g
431 1176 620 1227 δούλους
643 1177 1009 1232 ἐλευθερωθῆναι
1031 1182 1080 1220 ad
1099 1183 1382 1220 Marathoniam
1401 1195 1573 1232 pugnam
1590 1186 1784 1233 spectans,

303 1252 380 1289 alia
401 1264 423 1288 a
446 1252 658 1289 scholiasta
685 1263 768 1289 esse
797 1249 929 1288 addita
956 1271 1010 1275 —
1038 1250 1141 1299 quod
1164 1251 1331 1300 permire
1359 1251 1622 1299 excogitatum
1641 1253 1698 1289 est
1717 1271 1783 1300 —-‚

303 1319 493 1367 Dielsius‚
529 1319 552 1356 l.
579 1331 612 1356 a.
644 1332 679 1368 p.
708 1321 777 1367 52,
816 1318 916 1356 benc
955 1319 1009 1356 ita
1040 1319 1221 1366 removit,
1262 1321 1304 1355 ut
1335 1318 1571 1367 historicum,
1611 1331 1695 1356 cum
1735 1319 1784 1356 de

301 1386 672 1435 praeparationibus
701 1388 837 1434 ageret
877 1397 919 1423 re
952 1398 1044 1423 vera
1085 1385 1156 1423 sub
1188 1385 1377 1423 archonte
1414 1385 1610 1435 Antigene
1650 1386 1782 1435 gestis,

302 1453 399 1491 haec
431 1454 659 1502 exposuisse
697 1452 843 1501 credat,
884 1455 925 1490 ut
966 1455 1071 1490 certe
1113 1451 1171 1499 (ut
1209 1452 1313 1501 apud
1352 1452 1568 1491 Diodorum
1595 1454 1699 1499 XIII,
1727 1456 1778 1493 97

299 1514 403 1566 τοὺς
432 1516 734 1570 βουλομένους
766 1516 1170 1570 συναγωνίσασθαι)
1203 1523 1356 1569 tempus
1388 1520 1562 1558 futurum
1595 1528 1779 1558 συνναυ-

296 1581 572 1639 μαχήσοντας
604 1587 798 1627 exstiterit
828 1588 932 1638 apud
964 1588 1227 1626 Hellanicum.

411 1665 451 1712 2)
495 1666 622 1704 Schol.
653 1668 750 1704 Ran.
780 1669 879 1705 720:
924 1664 987 1717 τῷ
1025 1662 1230 1716 προτέρῳ
1271 1660 1356 1703 ἔτει
1396 1661 1464 1704 ἐπὶ
1509 1658 1778 1717 Δ»”]1ν’ῑιγ«εἰόυς

292 1724 578 1780 Ἑλλάιίκόςῖ)
611 1742 715 1784 ([ησι
744 1731 938 1784 χρυσοῦν
970 1727 1155 1783 νόμισμα
1187 1732 1389 1782 κοπῆναι.
1431 1730 1505 1770 καὶ
1534 1727 1776 1785 Φιλόχορος

297 1797 456 1852 ὁμοίως
486 1795 536 1839 τὸ
568 1797 617 1839 ἐκ
649 1800 741 1838 τῶν
770 1798 948 1851 χρυσῶν
976 1799 1146 1850 Νικιῦν;
1186 1802 1231 1839 cf.
1265 1801 1498 1847 Boeckhius,
1530 1801 1774 1840 Staatshaus-

297 1871 379 1908 halt
404 1868 439 1907 13
469 1883 506 1919 p.
529 1873 581 1909 30
613 1873 650 1908 et
681 1869 813 1907 adnot.
834 1869 864 1913 f;
902 1869 1144 1919 Hultsehius,
1176 1867 1425 1918 Mem-ologie2
1456 1883 1491 1919 p.
1516 1872 1595 1909 223
1611 1882 1695 1919 sqq.

407 1946 448 1994 3)
491 1948 551 1985 Ad
583 1948 748 1986 eundem
780 1952 910 1997 potest
940 1948 1079 1986 referri
1111 1948 1228 1986 schol.
1249 1949 1346 1986 Ran.
1369 1951 1437 1988 33:
1475 1937 1542 1985 ὅτι
1572 1946 1635 1998 τῷ
1664 1959 1772 1998 προ-

294 2012 407 2065 τέρῳ
445 2009 529 2052 {fret
561 2010 633 2052 ἐπὶ
664 2006 932 2065 Ἀντιγένους
968 2011 1069 2065 περὶ
1101 2005 1382 2065 Άργιίὀυσαν
1420 2010 1579 2052 ἐνίκων
1613 2026 1772 2065 ναυμα·

289 2079 362 2135 χῐςι
384 2077 425 2119 οἱ
452 2073 674 2133 Ἀθηναῖοι
697 2076 1048 2132 συμμαχούντων
1071 2074 1246 2120 δούλων
1269 2103 1319 2108 -
1341 2103 1397 2108 -
1418 2072 1623 2128 οὕστινας
1643 2072 1769 2132 ἠλευ·

292 2147 497 2200 θέρωσαν
527 2171 582 2176 -
614 2140 640 2201 ἦ
675 2147 719 2188 ὁὲ
755 2141 1009 2201 Άργίνουσα
1049 2143 1178 2196 πόλις
1215 2149 1290 2199 τῆς
1321 2145 1544 2196 Αἰολίδος,
1586 2140 1768 2201 ἀντικρύ

293 2214 335 2254 οὲ
367 2215 538 2266 Λέσβου
569 2215 741 2269 κειμένη
780 2215 853 2255 καὶ
883 2215 1055 2263 Μαλέας
1091 2214 1361 2269 καλουμένης
1394 2210 1542 2267 ἄκρας;
1581 2218 1648 2255 sed
1681 2230 1766 2256 cum

291 2289 486 2335 postrema
507 2286 589 2325 fere
612 2289 832 2335 congruant
853 2299 940 2324 cum
962 2287 1138 2336 Xenoph.
1161 2286 1262 2324 Hell.
1284 2287 1310 2332 Ι,
1334 2289 1368 2331 6,
1391 2288 1455 2325 26.
1478 2288 1546 2325 27:
1573 2280 1767 2323 ἐδειπνο-

289 2358 458 2390 ποιεῖτο
496 2350 574 2404 τῆς
604 2350 776 2400 Λέσβου
812 2348 883 2390 ἐπὶ
920 2351 972 2402 τῇ
1002 2349 1154 2405 Μαλέᾳ
1191 2345 1303 2405 ἄκρᾳ
1339 2342 1494 2390 ἀντίον
1522 2350 1600 2402 τῆς
1630 2352 1765 2390 Μυτι-

291 2413 512 2498 &²216ss-
539 2449 547 2457 .
576 2415 617 2457 οὶ
644 2411 867 2470 Ἀθηιαῖοι
899 2412 1362 2470 ὁειπιοποιοίμενοι
1346 2431 1393 2456 εν
1423 2423 1517 2464 ταῖς
1549 2408 1765 2469 Ἀργινού-

288 2497 462 2569 DIelsius‚
467 2497 582 2561 llIus.
607 2527 723 2561 Rhen.
749 2526 873 2561 XXXI
904 2538 937 2571 p.
962 2530 1020 2570 493
1053 2526 1368 2570 Wilamowitzius,
1399 2526 1518 2561 Herm.
1541 2526 1595 2560 XI
1623 2537 1658 2570 p.
1682 2529 1763 2571 2923

288 2581 446 2624 Lipsius,
471 2582 663 2626 Leipziger
679 2582 783 2617 Stud.
807 2582 859 2616 IV
885 2593 919 2626 p.
940 2585 1013 2617 153.
1055 2583 1225 2618 Ceterum
1249 2582 1348 2626 quod
1366 2582 1411 2616 ad
1429 2582 1614 2617 civitatem
1632 2582 1763 2617 attinet

286 2641 413 2671 contra
437 2638 588 2672 Isleium
619 2639 734 2682 probo
759 2638 976 2674 Kirchhoffii
1002 2639 1230 2682 sententiam⁷
1255 2638 1437 2673 Abhandl.
1462 2639 1495 2673 d.
1522 2638 1557 2672 k.
1580 2637 1699 2673 Akad.
1726 2639 1761 2673 d.

286 2692 329 2726 W
334 2693 508 2728 1ssensch.
527 2705 555 2728 z.
572 2694 696 2728 Berlin
721 2698 803 2728 1873
829 2705 864 2738 p.
882 2698 911 2728 9.

397 2750 425 2794 2)
452 2750 558 2791 Quod
573 2750 666 2785 bene
681 2750 889 2785 emendavit
902 2751 1146 2796 praecedente
1161 2749 1398 2795 'I'yrrwhittio
1412 2751 1610 2795 Bentleius,
1628 2750 1759 2786 Classi-

283 2807 337 2840 cal
357 2807 504 2852 journal
528 2807 611 2852 XII,
640 2810 735 2851 1815,
760 2819 794 2852 p.
814 2811 887 2842 732.

1828 2454 1830 2548 ἰ

1826 2559 1830 2688 l

1824 2689 1828 2800 l

1822 2832 1826 2863 l
