1830 3201
859 840 1004 892 Pars
1041 840 1264 905 quinta.

436 1012 626 1060 Quoniam
652 1014 747 1051 viam
773 1015 1106 1062 praemunivimus
1134 1015 1340 1053 illustratis
1361 1015 1534 1065 reliquiis
1556 1015 1797 1059 Zenodoteis‚

324 1094 422 1131 quas
452 1094 473 1118 a
495 1081 694 1119 Zenodoto
718 1082 887 1131 Ephesio
920 1082 1202 1120 abiudicandas
1234 1095 1319 1121 esse
1350 1083 1568 1131 statuimus,
1604 1086 1725 1121 restat
1757 1086 1799 1121 ut

324 1149 360 1186 in
394 1149 531 1197 quinta
563 1149 837 1198 disputationis
860 1153 970 1199 parte
1001 1150 1187 1189 Zenodoti
1212 1150 1370 1200 Ephesii
1395 1153 1553 1200 operum
1577 1150 1799 1201 fragmenta

323 1217 475 1254 abiecta
506 1216 675 1255 editione
708 1217 914 1255 Homerica
955 1218 1149 1268 colligere,
1190 1218 1399 1267 explicare,
1440 1218 1621 1267 digerere
1663 1230 1798 1267 aggre—

324 1284 484 1322 diamur.

436 1352 514 1390 Iam
545 1356 843 1401 praevertamur
874 1353 920 1390 ad
949 1353 1101 1402 librum,
1133 1354 1197 1402 qui
1229 1353 1452 1392 inscribitur
1481 1350 1683 1403 γλῶσσαι.
1743 1353 1799 1390 Ac

324 1420 488 1467 primum
521 1419 675 1469 quidem
710 1421 926 1469 quaeritur,
958 1432 1035 1469 quo
1057 1420 1141 1458 iure
1171 1420 1372 1458 Zenodoto
1395 1421 1564 1470 Ephesio
1595 1421 1669 1458 hoc
1700 1432 1799 1471 opus

324 1487 554 1536 plerumque
587 1487 874 1526 vindicaverint
903 1487 976 1525 viri
1005 1486 1162 1537 docti¹)‚
1194 1500 1279 1526 cum
1313 1488 1421 1537 locis,
1452 1499 1552 1537 quos
1583 1488 1659 1525 huc
1690 1500 1798 1526 revo-

324 1567 466 1603 camus,
498 1567 714 1603 cognomen
746 1555 933 1594 Zenodoti
954 1556 1126 1593 auctoris
1158 1567 1348 1605 nusquam
1382 1555 1594 1604 praefixum
1618 1557 1676 1594 sit.
1726 1556 1797 1593 Re-

322 1622 484 1661 ferenda
515 1635 601 1661 esse
639 1624 675 1661 in
708 1623 934 1661 universum
973 1623 1020 1661 ad
1050 1623 1292 1662 Zenodotum
1322 1624 1532 1673 Ephesium
1572 1624 1800 1673 fragmenta,

322 1702 423 1739 quae
460 1691 689 1739 cognomine
728 1704 806 1729 non
837 1691 970 1730 addito
1008 1691 1275 1740 perhibentur,
1313 1703 1434 1741 supra
1471 1691 1646 1741 diximus,
1684 1704 1798 1741 quam

322 1757 370 1794 ob
401 1770 479 1795 rem
513 1769 632 1795 causa
663 1770 738 1796 non
773 1761 842 1807 est,
873 1771 942 1796 cur
974 1759 1012 1796 in
1036 1758 1174 1807 glossis
1196 1758 1447 1796 recensendis
1479 1759 1578 1796 hanc
1609 1759 1797 1797 rationem

322 1826 530 1875 mittamus,
566 1826 795 1874 praesertim
829 1838 914 1863 cum
948 1826 995 1864 ab
1026 1828 1153 1864 aetate
1186 1827 1267 1864 eius
1305 1826 1392 1864 talis
1423 1826 1520 1864 liber
1550 1826 1703 1864 minime
1733 1827 1798 1864 ab-

321 1892 494 1942 horreat3
533 1893 690 1942 scripsit
728 1894 840 1938 enim⁷
884 1896 926 1931 ut
963 1894 1181 1942 exemplum
1221 1894 1391 1942 afferam,
1431 1893 1644 1940 Philetas2)
1686 1907 1798 1943 prac-

322 1963 456 2009 ceptor
488 1959 676 1998 Zenodoti
709 1960 866 2010 Ephesii
905 1950 1106 2010 γλώσσας
1137 1972 1168 1998 s.
1196 1951 1396 2010 γλώσσας
1428 1951 1659 2005 ἀτάκτους.
1722 1962 1797 1999 Ac—

322 2027 426 2065 ccdit
467 2027 569 2076 quod
609 2028 708 2065 aliae
739 2040 802 2065 res
840 2028 1016 2076 suadent,
1058 2031 1099 2066 ut
1129 2028 1370 2066 Zenodotum
1404 2028 1614 2077 Ephesium
1647 2029 1797 2078 potissi-

322 2107 422 2132 mum
462 2097 661 2133 auctorem
703 2095 815 2133 nobis
854 2094 1116 2133 informemus.
1188 2095 1282 2132 Eius
1321 2095 1420 2133 enim
1462 2098 1555 2133 sunt
1595 2095 1797 2134 doctrinae

434 2227 464 2267 ¹)
495 2221 549 2258 Cf.
568 2221 671 2257 Wolf
692 2224 713 2258 l.
733 2233 762 2257 c.
787 2234 821 2268 p.
844 2226 921 2266 1963
946 2223 1086 2258 Heffter
1110 2234 1144 2267 p.
1163 2226 1202 2266 93
1229 2221 1459 2257 Graefenhan
1485 2223 1502 2256 I
1528 2234 1562 2268 p.
1581 2226 1664 2265 43ος
1689 2224 1797 2269 Pluy-

321 2290 403 2323 gers
429 2292 463 2324 p.
482 2283 499 2314 2
516 2290 612 2323 sqq.;
637 2279 761 2314 Osann
786 2290 820 2323 p.
842 2283 901 2323 1ος
925 2278 1164 2323 Sengebusch
1190 2279 1211 2313 1.
1230 2289 1260 2313 c.
1286 2278 1301 2312 Ι
1328 2289 1435 2323 pagg.
1454 2282 1504 2313 23.
1528 2282 1588 2323 533
1612 2279 1799 2315 Duentzer

321 2347 355 2379 p.
374 2338 431 2379 293
457 2335 651 2378 Michaelis,
672 2335 727 2369 De
746 2334 870 2378 Apoll.
886 2335 1002 2370 Rhod.
1023 2334 1150 2379 fragm.
1175 2335 1270 2369 Diss.
1290 2334 1369 2368 Hal.
1389 2337 1484 2379 1875,
1508 2346 1541 2379 p.
1559 2339 1594 2378 ῖς
1619 2335 1797 2370 Schrader

321 2401 428 2434 pagg.
446 2394 521 2425 431.
539 2393 615 2425 432.
664 2391 812 2426 Certum
835 2390 1009 2425 iudicium
1035 2391 1080 2424 de
1105 2390 1307 2433 glossarum
1333 2392 1481 2424 auctore
1507 2390 1672 2434 quisnam
1690 2389 1799 2425 fuerit

321 2446 505 2480 dubitavit
529 2446 694 2490 proferre
726 2446 894 2480 Muetzell
919 2458 954 2491 p.
973 2449 1048 2481 281.
1073 2466 1116 2470 ——
1144 2445 1198 2480 De
1223 2445 1412 2480 Zenodoto
1437 2445 1584 2480 Mallota
1614 2447 1797 2491 cogitave-

322 2505 405 2536 runt
438 2501 637 2537 Schneider
661 2503 683 2537 l.
707 2513 735 2536 c.
762 2512 814 2536 nr.
840 2505 922 2545 2193
958 2502 1131 2545 Schmidt,
1156 2500 1366 2536 Zeitschrift
1388 2500 1447 2535 fiir
1470 2501 1529 2536 die
1553 2501 1797 2537 Alterthums-

321 2557 578 2592 wissenschaft
596 2562 680 2591 1855
707 2569 740 2601 p.
760 2561 834 2592 253.
857 2578 900 2582 ——-
926 2557 1078 2592 Glossas
1103 2556 1289 2592 confectas
1311 2567 1391 2591 esse
1408 2567 1429 2591 a
1445 2556 1630 2592 Zenodoto
1650 2558 1797 2601 negavit

321 2613 499 2656 Ribbeck,
524 2613 654 2648 Philol.
672 2612 759 2647 VIII
786 2624 820 2657 p.
839 2616 922 2657 (3693
954 2613 1002 2648 cf.
1026 2612 1175 2654 Lersch,
1201 2612 1270 2646 Die
1291 2611 1564 2656 Sprachphilos.
1591 2613 1655 2647 der
1672 2613 1795 2648 Alten.

324 2669 372 2702 lll
400 2681 433 2713 p.
461 2674 513 2703 (54.
553 2671 745 2704 Praeterea
771 2670 820 2703 cf.
846 2670 981 2704 Merkel
1007 2670 1028 2704 l.
1046 2680 1076 2704 c.
1102 2681 1137 2713 p.
1159 2672 1229 2703 147.

433 2727 463 2767 2)
494 2726 609 2759 Schol.
639 2725 685 2759 ad
714 2725 839 2769 Apoll.
867 2726 983 2760 Rhod.
1008 2725 1061 2759 IV
1080 2728 1162 2759 989:
1199 2725 1363 2768 Φιλητᾶς
1393 2721 1433 2759 ἐν
1474 2720 1649 2766 Ξ1τάκτοις
1677 2722 1795 2769 γλώσ-

321 2792 402 2821 σαις
450 2782 507 2815 Et.
526 2781 643 2823 Magn.
670 2791 703 2824 p.
722 2784 798 2822 330,
816 2784 857 2815 39
884 2792 909 2816 s.
929 2792 962 2816 v.
986 2776 1139 2822 Ἐλινόςτ
1165 2807 1172 2815 .
1199 2808 1205 2815 .
1234 2808 1239 2814 .
1266 2807 1273 2815 .
1295 2781 1459 2825 Φιλητᾶς
1485 2776 1571 2816 δ’ἕν
1594 2778 1795 2825 γλώσσαις.
