1830 3201
322 198 400 234 388

322 298 472 356 ἥλατο,
503 300 553 343 τὸ
586 299 755 355 συμβὰν
786 302 844 350 εἰς
864 301 1103 355 παροιμίαν
1125 301 1339 356 περιέστη,
1372 305 1418 343 ef.
1448 304 1552 343 Suid.
1573 318 1601 343 s.
1625 319 1658 344 v.
1681 301 1798 356 υπὲρ

323 368 376 411 τὰ
414 368 499 411 ὲσκ.
538 374 646 411 artIe.
680 371 762 419 11.⁴)
830 373 1061 423 Expositum
1101 375 1160 411 est
1200 373 1438 421 epigramma
1478 385 1500 410 a
1542 373 1719 412 Iacobsio
1760 374 1798 411 in

323 441 467 479 anthol.
488 452 614 489 graec.
638 441 701 486 IV,
725 442 825 489 205;
857 440 904 478 cf.
933 440 1025 478 XIII
1057 438 1124 486 (=
1149 441 1198 489 11,
1222 441 1259 484 1)
1291 452 1329 488 p.
1349 442 1441 478 411.
1499 441 1580 478 Iam
1602 453 1687 479 cum
1711 453 1799 480 con-

323 511 398 546 stet
428 507 615 545 Herodoti
648 510 686 545 et
715 508 933 545 Pausaniae
966 507 1201 545 auctoritate
1240 519 1327 544 eum
1360 505 1552 556 Olympiis
1588 520 1797 558 numquam

323 575 522 613 victor-lam
546 578 779 624 reportasse,
814 575 993 623 protinus
1024 573 1263 623 intellegitur
1300 586 1348 612 ne
1384 573 1595 624 Didymum
1627 574 1797 624 quidem,

324 655 407 680 cum
432 646 546 680 vocet
577 654 662 679 eum
695 642 1004 692 olympionicam,
1037 642 1258 690 catalogum
1289 641 1459 691 aliquem
1489 643 1678 681 victorum
1711 656 1800 681 con-

323 710 502 753 suluisse3
542 710 674 755 immo,
713 713 755 747 ut
793 709 839 747 de
871 709 1005 748 eodem
1044 710 1080 747 in
1114 709 1330 758 proverbiis
1362 709 1518 748 videtur
1553 709 1710 760 dixisse,
1747 711 1801 749 ita

325 775 426 813 unde
458 776 555 814 haee
578 775 752 813 hauserit
775 775 849 813 dici
883 776 1029 824 nequit.
1089 776 1212 813 Aliter
1243 787 1305 814 res
1337 778 1561 824 comparata
1582 779 1640 814 est
1671 777 1799 815 verbis

325 842 637 891 insequentibus:
669 837 841 892 ἐγένετο
875 837 919 879 δὲ
955 839 1028 879 καὶ
1061 836 1206 892 ἕτερος
1247 833 1440 893 ἀθλητὴς
1481 833 1644 893 ὀγδόην
1675 834 1801 893 ὀλυμ-

328 901 463 946 πιάδα
495 902 682 957 νικήσας,
720 922 820 958 quae
851 913 1010 959 propter
1042 913 1188 948 certum
1222 913 1373 958 tempus
1406 910 1623 958 expositum
1658 909 1706 947 ad
1739 910 1802 948 bo-

326 989 415 1014 num
463 977 607 1014 fontem
657 977 880 1014 historicum
930 976 1115 1015 recedere
1163 977 1309 1025 elucet,
1350 989 1585 1026 quamquam
1634 977 1681 1015 de
1729 978 1802 1015 hoc

329 1044 495 1093 Phayllo
529 1043 621 1081 nihil
653 1044 813 1081 aliunde
845 1046 977 1082 notum
1007 1047 1076 1081 est.

439 1121 478 1168 2)
515 1123 643 1160 Schol.
668 1123 782 1172 Vesp.
807 1125 930 1162 1191:
961 1123 978 1160 I
1004 1116 1056 1159 τὸ
1079 1134 1102 1171 χ
1126 1114 1194 1159 ὅτι
1215 1119 1315 1172 περὶ
1336 1120 1416 1159 τοῦ
1436 1111 1725 1170 Ἑφουδίωνος
1745 1112 1804 1169 ὡς

327 1181 504 1239 άληθῶς
525 1184 699 1239 ἱστορεῖ,
738 1190 771 1227 ¹1
801 1183 852 1226 τὸ
878 1201 903 1239 χ
935 1190 997 1235 (ef.
1029 1203 1065 1239 p.
1087 1192 1167 1229 304
1201 1189 1288 1227 adn.
1318 1188 1387 1235 42)
1420 1179 1486 1226 ὅτι
1517 1187 1803 1240 κατεψευσμέ-

329 1269 396 1294 ιόι
427 1258 464 1303 (e
487 1258 647 1295 coniect.
670 1257 931 1307 Bernhardyi,
963 1257 1247 1295 Eratosthenic.
1280 1269 1315 1305 p.
1340 1252 1436 1306 220)
1467 1252 1702 1304 φαίνονται
1734 1246 1802 1295 οὗ·

327 1336 395 1362 τοι
429 1321 779 1374 παγκοατιαοταὶ
815 1320 883 1362 ἐπὶ
917 1322 1083 1376 παιδιᾷ.
1136 1313 1158 1360 ὁ
1198 1320 1242 1361 δὲ
1275 1314 1515 1369 Άσκώνδας
1551 1320 1623 1361 καὶ
1659 1319 1704 1373 ἐξ
1734 1315 1803 1362 αὖ·

328 1391 410 1430 τοῦ
442 1391 521 1429 τοῦ
554 1377 782 1442 ὀνόματος-ζ
835 1389 870 1430 εἰ
900 1386 955 1443 μὴ
990 1384 1072 1442 ἄρα
1104 1381 1127 1428 δ
1155 1382 1396 1440 Ἐφουδίων
1426 1386 1544 1429 ἐστὶν
1577 1381 1600 1429 ὁ
1632 1388 1679 1430 ἐν
1710 1398 1803 1438 ταῖς

331 1450 572 1508 Ὀλυμπίασι.
596 1452 848 1509 φερόμενος,
879 1450 1119 1507 Ἐφουδίων
1140 1451 1384 1502 Μαινάλιος
1412 1452 1495 1496 σθ’.
1546 1460 1703 1498 Putavit
1732 1460 1803 1509 igi-

330 1532 391 1564 tur
428 1527 707 1575 grammaticus
741 1524 961 1576 (Didymus,
1002 1526 1048 1563 cf.
1087 1538 1122 1574 p.
1161 1523 1256 1570 231)
1294 1526 1450 1563 nomina
1487 1526 1682 1564 hominum
1721 1538 1804 1565 esse

330 1593 429 1630 ficta.
488 1592 615 1642 Quod,
652 1594 718 1639 ait,
754 1597 942 1642 quantum
974 1593 1023 1630 ad
1056 1592 1276 1630 Ascoudam
1308 1593 1448 1630 attinet
1485 1593 1560 1631 iam
1598 1606 1619 1631 e
1650 1594 1804 1632 nomine

330 1664 446 1709 patet,
498 1666 540 1698 ut
591 1673 718 1710 neque
764 1661 920 1698 omnino
972 1661 1220 1710 cognoscerit
1271 1660 1347 1698 tale
1392 1659 1586 1710 nomen⁵)‚
1638 1666 1675 1699 et
1721 1662 1804 1700 sine

332 1728 446 1765 dubio
479 1728 527 1765 ad
561 1718 691 1772 ἀσκός
729 1729 924 1776 putaverit
960 1728 1136 1766 alludere
1174 1730 1341 1776 poetam.
1399 1727 1534 1776 Pergit
1576 1729 1672 1774 „nisi
1703 1728 1805 1767 forte

332 1795 540 1844 Ephudion
562 1801 620 1833 est
641 1796 706 1833 ille
737 1797 803 1845 qui
826 1797 861 1833 in
886 1796 1069 1845 catalogo
1091 1795 1450 1844 Olympionicarum
1481 1794 1643 1843 legitur:
1673 1796 1804 1845 Ephu-

332 1864 420 1901 dion
461 1863 674 1901 Maenalius
714 1863 805 1900 vicit
843 1863 890 1901 ol.
922 1862 1007 1902 79.“
1074 1864 1152 1900 Iam
1191 1863 1229 1900 in
1267 1862 1326 1899 his
1363 1862 1490 1900 verbis
1527 1862 1663 1901 vitium
1700 1863 1804 1902 latet.

332 1931 447 1980 Apud
489 1931 723 1979 Hesychium
762 1931 873 1975 enim,
911 1931 976 1979 qui
1014 1930 1063 1967 ad
1101 1929 1309 1978 Didymum
1347 1929 1496 1967 recedit
1535 1929 1600 1977 (cf.
1632 1944 1667 1979 p.
1697 1930 1804 1977 231),

335 1999 389 2035 bis
421 2010 495 2035 non
530 2009 583 2033 ov
614 1997 681 2034 sed
715 2009 750 2033 ω
783 2009 922 2034 nomen
954 1997 1147 2041 scribitur,
1179 2008 1265 2033 cum
1287 1996 1567 2034 Erathostenes
1594 1998 1654 2034 vel
1677 1998 1805 2035 littera

332 2077 356 2101 τ
387 2066 586 2114 scripsisse
619 2065 809 2102 hominem
851 2064 1022 2108 dicatum
1062 2063 1202 2101 deiude
1239 2065 1276 2101 in
1315 2064 1463 2102 scholio
1498 2064 1583 2113 ipso
1621 2076 1691 2102 cur
1728 2075 1830 2102 uon*

335 2138 439 2170 certo
479 2132 618 2169 dixerit
656 2131 848 2180 Didymus
889 2132 991 2168 hunc
1027 2130 1330 2180 pancratiastam
1370 2131 1535 2169 eundem
1568 2144 1650 2169 esse
1688 2124 1830 2183 atque}

335 2200 435 2236 illum
470 2200 534 2247 qui
567 2200 603 2235 in
638 2199 814 2246 catalogo
847 2202 973 2236 exstet
1003 2210 1080 2235 non
1112 2198 1364 2246 intellegitur,
1400 2198 1473 2235 nisi
1509 2199 1539 2236 si
1571 2198 1703 2247 paullo
1735 2199 1800 2235 ali·
1828 2197 1830 2239 1

336 2274 394 2304 ter
431 2278 569 2304 nomen
607 2266 684 2303 illie
722 2266 906 2314 scriptum
944 2266 1001 2302 sit.
1068 2265 1246 2314 Denique
1283 2265 1417 2302 eodem
1464 2277 1509 2302 ea
1548 2277 1609 2303 res
1643 2248 1829 2313 speetat‚³

337 2334 439 2382 quod
472 2334 565 2371 1.49
598 2334 787 2382 repetitur
818 2322 840 2368 ὁ
870 2361 877 2369 .
901 2362 907 2368 .
934 2362 939 2368 .
969 2325 1209 2382 φᾰρόμενος
1238 2322 1531 2379 Ἐφουδίων,
1564 2337 1605 2370 ut
1625 2331 1804 2381 equidem
1829 2367 1830 2370 ,

336 2406 465 2449 putem
489 2401 560 2438 hoc
582 2391 819 2447 Ἐφουδίων
841 2412 927 2437 esse
950 2404 1189 2448 corruptum.
1247 2399 1352 2436 Idem
1380 2400 1454 2436 iam
1477 2398 1664 2437 indicavit
1684 2400 1801 2436 Bern-
1829 2402 1830 2408 ’

338 2468 520 2517 hardyns,
562 2468 583 2504 1.
611 2481 642 2505 a.
680 2481 716 2516 p.
750 2470 847 2516 220,
887 2468 952 2516 qui
988 2466 1194 2516 proposuit
1229 2455 1488 2524 'E'oeovu'covg
1528 2470 1655 2504 utrum
1697 2456 1830 2524 recte}

449 2576 476 2617 4)
510 2557 589 2615 Qui.
609 2574 643 2607 in
679 2573 777 2608 artic.
804 2573 819 2606 1
853 2573 947 2608 idem
980 2573 1131 2617 praebet
1160 2583 1202 2607 ac
1226 2571 1380 2607 Photius
1412 2583 1439 2607 s.
1458 2584 1492 2607 v.
1516 2566 1612 2617 ὑπὲρ
1637 2568 1683 2606 τὰ
1709 2555 1805 2615 ἑάκ.;
1827 2600 1830 2615 ί

338 2629 505 2673 Apostol.
526 2629 607 2672 VH,
626 2634 684 2673 623
710 2629 875 2664 Eustath.
901 2629 946 2663 ad
968 2629 1032 2664 Od.
1056 2629 1072 2663 I
1098 2640 1131 2673 p.
1158 2632 1239 2672 2913
1265 2629 1448 2673 singulare
1473 2629 1611 2673 aliquid
1635 2627 1746 2662 habet
1768 2627 1803 2660 in
1826 2675 1828 2679 .

340 2686 438 2719 artic.
456 2685 518 2719 III.

449 2742 477 2784 ⁵)
511 2741 646 2775 Nomen
662 2741 808 2775 videtur
824 2751 903 2775 esse
921 2742 1145 2785 Boeoticum‚
1170 2741 1214 2777 cf.
1229 2741 1395 2785 Papeius‚
1412 2739 1595 2775 Wiirterb.
1618 2739 1651 2772 d.
1669 2736 1801 2781 griech.
1825 2727 1828 2752 5

341 2797 604 2838 Eigennamen³
628 2808 654 2830 s.
672 2808 705 2830 v.
727 2791 937 2837 31σκώνδας,
1824 2799 1826 2803 «
