1815 3231
151 938 275 1011 Inter
299 972 419 1010 verba
449 972 656 1010 Homerica
687 975 725 1010 ct
751 973 997 1011 intransitive
1027 976 1065 1011 et
1093 974 1296 1011 transitivo
1330 979 1515 1024 usurpata

39 1041 203 1078 maxime
234 1053 280 1078 ea
301 1040 434 1085 verba7
467 1053 566 1090 quac
599 1041 883 1087 significatione
915 1046 953 1079 et
980 1042 1228 1079 intransitiva
1259 1047 1296 1079 ct
1318 1044 1516 1080 causativa

38 1111 215 1153 utuntur,
253 1120 339 1146 cum
378 1108 427 1146 ob
459 1108 609 1157 copiam
648 1108 751 1157 apud
784 1109 994 1146 Homerum
1033 1108 1185 1146 obviam
1223 1113 1301 1147 tum
1341 1110 1388 1147 ob
1420 1110 1516 1146 difli-

40 1175 203 1213 cultates
234 1176 271 1213 in
305 1176 550 1225 explicandis
581 1188 715 1214 eorum
750 1176 916 1224 duplicis
939 1188 1032 1214 usus
1061 1178 1188 1214 causis
1219 1178 1367 1225 positas
1399 1177 1517 1225 digna

17 1247 148 1289 ⁴sunt,
191 1255 292 1293 quae
334 1244 560 1281 accuratius
603 1246 909 1292 perscrutemur.
981 1243 1153 1290 Quorum
1198 1257 1243 1281 ex
1286 1246 1515 1282 tractation(¹

39 1311 145 1349 haud
187 1312 266 1349 scio
309 1324 358 1349 an
403 1312 516 1350 etiam
561 1311 609 1349 ad
651 1311 922 1349 illustrandam
966 1313 1233 1360 quaestionem
1276 1314 1514 1351 Homericam

39 1391 155 1428 quam
189 1382 344 1428 vocant,
375 1380 405 1417 si
437 1392 515 1417 non
549 1380 724 1427 multum,
754 1382 794 1417 at
826 1382 930 1417 certe
962 1380 1248 1428 aliquantulum
1281 1382 1517 1419 conferatur.

39 1447 122 1484 Etsi
156 1447 257 1485 enim
290 1447 468 1496 quaestio
491 1448 700 1485 Homerica
730 1448 860 1486 adhuc
882 1448 1054 1485 nondum
1078 1452 1136 1486 cst
1158 1449 1358 1497 persoluta
1391 1462 1516 1497 nequ(¹

41 1526 222 1564 umquam
243 1515 408 1553 fortasse
431 1516 485 1554 ita
502 1515 671 1564 finietur,
693 1518 735 1553 ut
757 1517 927 1553 omnium
946 1516 1212 1554 dubitationes
1234 1521 1518 1558 removeantur,

39 1586 168 1621 tamen
205 1583 260 1631 id,
302 1583 453 1632 opinor7
500 1584 602 1621 inter
638 1583 849 1632 plerosque
886 1584 1058 1621 virorum
1097 1584 1296 1622 doctorum
1337 1585 1519 1622 convenit.

40 1651 213 1688 carmina
244 1651 452 1689 Homerica
489 1663 576 1689 oum
608 1652 739 1689 multis
766 1652 853 1688 aliis
881 1664 928 1689 ex
958 1651 1097 1700 causis,
1136 1655 1215 1689 tum
1249 1664 1295 1690 ex
1324 1653 1449 1689 causis
1481 1653 1516 1688 in

40 1717 228 1767 loquendi
250 1719 537 1757 consuetudine
568 1718 719 1768 positis,
750 1719 1002 1757 attribuenda
1025 1731 1108 1756 esse
1131 1719 1410 1767 compluribus,
1441 1732 1516 1755 non

40 1787 107 1824 uni
147 1786 331 1824 Homero.
396 1787 449 1825 Ut
490 1785 862 1835 Friedlaenderusl)
903 1786 1182 1824 vocabulorum
1225 1787 1517 1824 Homericoruin

40 1853 324 1902 supellectilem
371 1854 409 1891 in
456 1856 625 1903 utroque
671 1856 851 1903 poemate
898 1853 1093 1902 disparem
1140 1866 1225 1891 esse
1273 1853 1423 1901 docuit,
1468 1853 1519 1889 ita

41 1921 156 1958 modo
188 1921 225 1958 in
260 1921 381 1959 Iliade
412 1924 576 1971 tantum,
608 1921 722 1959 modo
755 1921 792 1959 in
821 1920 1012 1970 Odyssea,
1045 1922 1137 1969 quin
1170 1922 1282 1958 ctiam
1318 1922 1353 1957 in
1387 1921 1519 1957 carmi-

41 1989 156 2027 nibus
177 1988 358 2038 singulis,
389 2001 490 2037 quae
522 2002 568 2026 ex
591 1989 811 2026 criticorum
835 1989 1056 2038 suspicione
1085 1988 1241 2025 serioris
1263 1990 1351 2024 sunt
1373 1987 1519 2029 aetatis,

42 2057 321 2094 nonnullorum
359 2057 568 2094 verborum
611 2069 726 2094 unam
769 2057 984 2094 alteramve
1027 2055 1222 2093 notionem
1267 2054 1429 2104 rcpcriri
1472 2066 1517 2090 cx

41 2124 307 2174 disputatione
338 2127 474 2162 nostra
504 2124 664 2175 patebit.

154 2226 286 2265 Verba
313 2226 473 2265 notione
500 2230 539 2266 et
567 2226 817 2265 intransitiva
846 2229 883 2264 et
911 2227 1112 2265 causativa
1143 2225 1321 2275 praedita
1352 2226 1519 2263 nomina-

43 2306 127 2332 mus
148 2295 277 2332 omnia
299 2306 356 2344 ea,
387 2307 555 2344 quorum
576 2295 678 2332 actio
707 2306 989 2344 nonnunquam
1018 2293 1067 2331 ad
1089 2295 1211 2343 ipsam
1233 2297 1412 2342 agentem
1435 2305 1520 2342 per·

43 2373 177 2400 sonam
199 2362 427 2410 reflectitur,
455 2363 550 2408 sive,
579 2365 622 2400 ut
643 2362 755 2400 aliter
776 2374 857 2400 rem
879 2361 1109 2410 describam,
1137 2373 1302 2410 quorum
1327 2361 1519 2398 obiectum

44 2441 130 2467 cum
154 2429 305 2467 obiecto
333 2430 497 2468 actionis
520 2429 689 2468 verbalis
717 2429 909 2478 congruit.
969 2429 1105 2478 Itaque
1129 2428 1182 2477 fit,
1213 2431 1254 2466 ut
1277 2427 1521 2465 intransitiva

43 2496 102 2533 vis
133 2496 315 2534 videatur
352 2509 400 2534 ex
438 2497 642 2535 causativa
679 2508 763 2534 esse
801 2508 845 2534 eo
884 2500 1031 2541 exorta,
1070 2495 1173 2545 quod
1213 2507 1427 2544 pronomen
1464 2506 1520 2531 rc-

42 2562 224 2601 flexivum
248 2563 390 2602 obiecti
412 2564 498 2602 loco
521 2563 570 2601 ad
590 2563 752 2601 verbum
772 2563 1014 2600 causativum
1038 2562 1229 2600 accedens
1251 2566 1308 2600 est
1329 2562 1519 2599 omissum.

44 2629 102 2667 Ac
132 2630 311 2680 profecto
343 2631 451 2669 multi
485 2631 725 2680 grammatici
760 2630 1043 2668 intransitivam
1072 2629 1275 2667 illiusmodi
1311 2629 1519 2666 verborum

159 2772 186 2812 ¹)
217 2771 312 2805 Zwei
348 2771 483 2805 homer·
511 2770 941 2813 Wiirterverzeichnissc,
974 2769 1276 2813 Supplementbd.
1304 2768 1367 2808 III,
1396 2767 1519 2801 Jahrb.

43 2825 68 2860 f.
85 2826 176 2860 Phil.
202 2829 283 2861 1861
312 2838 348 2870 p.
366 2830 440 2862 805.

1282 2889 1318 2922 1*
