1830 3201
290 194 368 229 100

286 302 519 340 sententiam
551 302 659 340 verbi
699 302 942 351 significatio,
979 314 1079 351 quae
1117 314 1141 339 τ
1170 305 1248 341 323
1282 304 1420 349 exstat,
1458 315 1534 340 non
1568 303 1761 341 convenit.

288 370 364 408 Sed
397 370 444 407 de
476 370 549 408 hoc
581 371 665 408 loco
696 370 812 419 paulo
845 374 933 420 post
963 383 1086 419 agam.

396 438 430 472 Ι.
476 438 793 476 Intransitive
830 438 991 476 verbum
1033 440 1256 487 usurpatur.
1317 437 1552 486 Defatigatio
1592 439 1761 488 pertinet

285 507 322 542 et
352 505 400 542 ad
432 517 574 554 corpus
605 509 643 543 et
674 505 722 543 ad
755 506 936 543 animum.

398 568 421 609 ὁ
442 575 537 611 460
555 563 648 609 ἀλλ’
671 564 742 610 ὅτε
774 566 825 623 δή
849 562 885 623 ῥ’
910 562 1046 621 ἀνίαζ’
1069 563 1091 609 ὃ
1114 568 1255 622 γέρων
1287 562 1487 620 ὀλοφώια
1509 563 1636 617 εἰδώς
1666 574 1760 611 Pro-

282 645 368 679 teus
398 654 519 679 senex
551 654 635 679 cum
670 642 743 679 iam
767 653 884 690 saepe
916 653 956 678 se
979 643 1168 678 mutasset
1199 643 1237 679 et
1269 642 1437 690 impetus
1466 641 1630 679 Menelai
1663 642 1760 679 eius-

284 721 359 758 que
383 710 563 747 comitum
597 709 776 758 subisset,
808 720 974 758 corpore
1004 708 1206 746 confectus
1228 712 1297 756 est,
1329 720 1423 757 ergo
1455 709 1583 746 taedio
1615 721 1655 746 se
1682 721 1758 746 am-

282 777 384 826 plius
416 777 724 826 transfigurandi
762 777 914 814 animus
952 779 1091 825 captus
1122 779 1191 813 est.
1250 776 1434 814 Similiter
1471 788 1533 814 res
1569 789 1610 814 se
1645 776 1761 815 habet

283 840 308 880 ὁ
338 846 417 883 598
455 833 548 881 ἀλλ’
576 835 653 895 ἤδη
691 855 765 893 μοι
804 834 1060 891 ἀνιάζουσιν
1098 837 1260 893 ἑταῖροι
1288 839 1292 892 Ι
1321 838 1368 880 ἐν
1406 836 1541 894 Πύλῳ
1576 833 1759 894 ἠγαθέῃ,

282 912 346 950 ubi
378 913 471 950 socii
503 912 733 950 Telemachi
764 911 1030 960 exspectando
1071 911 1213 949 defessi
1254 914 1346 948 sunt
1386 914 1424 948 et
1454 911 1581 949 taedio
1613 911 1759 950 diutius

281 979 533 1029 exspectandi
566 979 708 1017 affecti.

394 1047 471 1085 Sub
509 1048 677 1096 imagine
716 1050 831 1096 po'cta
870 1046 1032 1084 verbum
1071 1046 1229 1084 adhibet
1261 1044 1306 1083 Σ
1333 1049 1412 1085 300
1455 1037 1613 1095 Τρώων
1650 1035 1760 1091 δ’ὃς

279 1105 534 1152 κτεάτεσσιν
561 1104 841 1164 ὑπερφιάλως
865 1104 1042 1162 ἀνιάζει,
1089 1110 1300 1161 συλλέξας
1324 1113 1466 1151 λαοῖσι
1491 1105 1608 1151 δότω
1629 1125 1760 1151 κατα-

281 1179 574 1234 δημοβορῆσαι
610 1183 702 1231 „qui
736 1195 755 1220 e
778 1183 961 1220 Troianis
993 1194 1034 1220 se
1067 1184 1178 1220 extra
1201 1181 1355 1219 modum
1389 1181 1528 1230 opibus
1559 1182 1638 1219 suis
1669 1193 1758 1219 one-

279 1255 403 1289 ratum
437 1262 524 1289 esse
556 1250 749 1299 putabit“‚
787 1251 808 1287 i.
838 1262 869 1289 e.
905 1262 1043 1299 „quem
1078 1261 1210 1287 earum
1248 1251 1472 1299 pertaesum
1506 1249 1577 1287 erit
1613 1250 1759 1298 quique

279 1332 360 1357 eam
385 1320 433 1357 ob
457 1332 613 1358 causam
646 1331 710 1357 eas
743 1320 913 1357 libenter
935 1319 1089 1357 abicere
1112 1319 1227 1367 volet,
1257 1319 1289 1356 is
1319 1346 1328 1355 .
1349 1347 1357 1355 .
1381 1317 1412 1355 .“
1468 1318 1589 1356 Poe'ta
1617 1318 1758 1356 Hecto-

279 1400 360 1425 rem
393 1388 491 1426 haec
523 1388 645 1425 verba
682 1387 829 1425 ironice
860 1387 1086 1436 loquentem
1118 1386 1225 1424 facit.
1284 1386 1431 1423 Hector
1463 1386 1577 1433 enim,
1607 1386 1636 1423 si
1669 1397 1757 1423 con-

277 1455 362 1493 silio
404 1455 702 1504 Pulydamantis
748 1467 788 1492 se
835 1455 938 1492 intra
984 1454 1137 1492 moenia
1181 1453 1395 1503 recipiendi
1443 1453 1759 1502 obtemperarent

277 1523 451 1572 Troiani,
488 1535 582 1572 opes
614 1523 651 1560 in
683 1523 929 1561 Achaeorum
963 1534 1100 1560 manus
1132 1534 1215 1559 esse
1247 1524 1509 1571 perventuras
1546 1533 1618 1570 pro
1651 1524 1758 1559 certo

277 1591 407 1629 habet.
472 1591 717 1629 Scholiomlm
754 1594 883 1628 autem
922 1590 1307 1639 interpretationem,
1351 1601 1453 1638 quae
1492 1589 1758 1638 compluribus

275 1659 403 1696 arrisit
439 1659 736 1707 interpretibus,
772 1657 969 1695 Frankius
1004 1657 1054 1695 ad
1096 1658 1133 1695 h.
1162 1658 1182 1694 Ι.
1220 1658 1257 1694 111
1291 1656 1462 1694 editione
1493 1656 1684 1694 Faesiana
1720 1659 1758 1694 et

276 1725 505 1774 Ebelingius
537 1726 574 1762 in
606 1726 680 1763 lex.
713 1726 857 1775 optimo
890 1726 972 1763 iure
1004 1724 1289 1762 refutaverunt.

388 1793 586 1831 Vocabulo
610 1791 741 1843 θυμῷ
772 1792 905 1830 addito
937 1793 1018 1830 sola
1049 1793 1173 1830 altera
1205 1803 1296 1841 pars
1327 1791 1540 1840 languoris,
1571 1791 1593 1828 i.
1615 1803 1646 1828 e.
1674 1791 1755 1828 lan-

275 1874 375 1911 guor
404 1862 532 1911 animi,
563 1862 706 1912 quippe
730 1873 832 1910 quae
855 1862 904 1899 sit
926 1861 1156 1910 gravissima
1180 1860 1383 1908 languoris
1404 1871 1506 1908 pars,
1539 1858 1756 1908 respicitur.

274 1931 363 1967 Duo
385 1929 459 1967 loci
481 1933 571 1967 sunt
593 1930 963 1967 commemoratione
986 1928 1107 1977 digni,
1143 1927 1181 1965 Φ
1209 1930 1290 1967 270
1322 1916 1345 1963 ὁ
1369 1916 1406 1963 (δ’
1427 1916 1565 1975 1ὑψόσε
1595 1921 1757 1963 ποσσὶν

274 1989 414 2046 ἐπήδα
442 1994 446 2044 Ι
474 1994 606 2047 θυμῷ
630 1986 825 2045 ἀνιάζων
856 1999 894 2034 61
922 2007 948 2045 χ
975 1999 1025 2035 87
1059 1984 1082 2033 ὁ
1116 1990 1160 2032 δὲ
1190 1987 1336 2044 χθόνα
1366 1987 1503 2031 τύπτε
1533 1986 1724 2043 μετώπῳ
1749 1989 1751 2043 l

274 2062 406 2115 θυμῷ
439 2055 646 2112 ἀνιάζων.
705 2064 825 2102 Notio
853 2064 962 2102 verbi
987 2053 1166 2112 ἀνιάζει),
1198 2075 1299 2112 quae
1330 2062 1465 2100 subest
1493 2073 1518 2111 χ
1539 2063 1604 2111 87,
1635 2074 1657 2099 3
1688 2073 1755 2099 no-

273 2131 379 2170 tione
417 2131 589 2170 eiusdem
621 2131 744 2181 verbi,
783 2143 882 2180 quae
914 2131 1047 2168 subest
1078 2129 1116 2167 Φ
1145 2133 1236 2178 270,
1269 2130 1475 2178 discrepat.
1535 2128 1658 2166 Fulda
1689 2129 1756 2166 1.1.

274 2212 311 2248 p.
333 2201 413 2239 208
445 2199 767 2247 significationem
799 2199 1012 2248 singularis
1035 2198 1137 2236 illius
1160 2197 1305 2235 doloris
1337 2197 1453 2234 animi
1485 2208 1532 2234 ex
1564 2197 1755 2246 languore

274 2266 368 2304 facti
398 2277 423 2316 χ
445 2269 496 2305 87
529 2267 736 2304 evanuisse
769 2269 807 2304 et
828 2267 865 2303 in
889 2266 1112 2315 generalem
1136 2264 1444 2314 designationem
1467 2263 1614 2302 doloris
1639 2263 1754 2301 animi

273 2334 462 2372 transisse
492 2335 741 2382 sagacissime
773 2334 1006 2383 suspicatur.
1066 2333 1117 2371 At
1138 2345 1215 2382 quo
1245 2331 1485 2381 probabilior
1506 2331 1574 2369 fiat
1604 2330 1754 2369 Fuldae

273 2402 455 2451 suspicio,
487 2401 666 2450 equidem
689 2401 829 2439 addam
853 2402 968 2439 11366;
999 2403 1139 2450 poetae
1172 2399 1351 2437 carminis
1370 2410 1395 2448 χ
1426 2398 1490 2436 1116
1512 2398 1645 2436 Iliadis
1666 2410 1755 2436 ver-

271 2480 337 2507 sus
371 2467 410 2505 Φ
437 2470 517 2507 270
554 2468 602 2506 ob
642 2468 775 2506 oculos
811 2470 992 2506 versatus
1030 2470 1097 2506 661.
1158 2467 1227 2504 1116
1264 2469 1391 2515 poeta,
1429 2466 1539 2503 cuius
1578 2465 1754 2504 sollertia

272 2537 309 2573 61
346 2547 410 2573 ars
445 2536 484 2573 in
516 2535 660 2584 pugnis
692 2532 987 2584 depingendisl)
1027 2533 1131 2572 haud
1163 2534 1217 2571 ita
1248 2533 1377 2582 magni
1410 2534 1470 2570 est
1500 2531 1752 2578 aestimanda,

385 2644 412 2684 ¹)
444 2641 663 2685 Comparare
682 2644 718 2675 te
735 2640 844 2675 velim
861 2641 955 2675 illud
972 2640 1091 2676 Ulixis
1108 2643 1292 2674 certamen
1317 2643 1445 2673 contra
1462 2648 1592 2683 procos
1616 2637 1751 2673 factum

271 2708 352 2731 cum
378 2697 537 2740 egregiis
563 2696 689 2731 Iliadis
715 2696 869 2741 pugnis:
904 2696 1051 2731 videbis
1083 2695 1368 2739 descriptionem
1396 2694 1627 2738 proeliorum,
1658 2703 1752 2738 quae

268 2754 304 2787 in
334 2753 502 2798 Odyssea
527 2756 659 2796 exstat,
684 2752 798 2786 multo
815 2752 1022 2787 inferiorem
1041 2760 1122 2787 esse
1140 2751 1362 2795 proeliorum
1386 2750 1571 2795 plerisque
1589 2749 1753 2794 descrip-

268 2808 432 2844 tionibus
458 2809 496 2842 in
521 2808 634 2843 Iliade
660 2807 793 2843 obviis.

1826 2487 1830 2588 l

1816 2589 1830 2649 l

1823 2671 1830 2879 ,1
