1830 3201
289 183 367 219 134

287 305 372 331 esse
404 292 452 330 ad
485 290 708 330 diluendam
739 291 1006 330 difficultatem
1038 304 1115 330 non
1138 288 1318 342 negabis,
1349 293 1380 330 si
1413 293 1462 330 ad
1493 293 1668 331 tabulam
1700 294 1768 331 Ze-

286 360 544 399 nodoteorum
567 372 728 409 operum
756 363 923 410 spectas.
982 360 1167 409 Sequitur
1198 362 1241 398 ut
1263 359 1532 407 diiudicemus,
1564 373 1666 410 quae
1688 373 1768 398 mu-

290 429 385 466 tatio
428 428 570 466 habeat
609 427 836 466 facillimum
879 414 1126 477 explicatum.
1192 427 1271 465 Iam
1313 428 1344 466 si
1381 430 1562 466 naturam
1599 429 1768 466 vitarum

291 495 631 545 Hesychianarum
668 495 843 546 respicis,
885 496 1074 533 librorum
1112 496 1445 534 enumerationem
1482 496 1712 546 plerumque
1747 508 1770 533 a

286 563 408 602 verbo
441 557 602 613 ἔγραψε
633 564 696 602 vel
728 564 842 601 simili
874 563 1026 601 initium
1059 575 1201 613 capere
1231 566 1410 614 apparet,
1441 566 1484 602 ut
1516 564 1553 602 in
1576 564 1662 602 loco
1686 576 1769 602 cor-

285 634 403 681 rupto
436 630 701 680 intellegendo
733 633 771 669 et
802 630 1048 669 emendando
1080 631 1181 669 hanc
1202 643 1283 669 rem
1315 631 1453 669 summi
1480 643 1566 669 esse
1587 631 1771 670 momenti

286 698 533 744 contendam,
560 711 647 737 cum
671 697 843 736 Bekkeri
867 700 906 736 et
927 698 1076 736 Flachii
1098 699 1271 736 rationes
1292 698 1366 736 hac
1389 711 1436 737 ex
1457 701 1569 747 parte
1590 699 1771 737 licentiae

285 766 479 804 obnoxiae
516 778 600 804 esse
636 765 855 804 videantur.
915 766 1096 815 Denique
1135 777 1222 803 cum
1260 765 1432 816 libellus,
1469 766 1535 815 qui
1572 766 1770 804 antecedit

288 833 622 872 enumerationem
654 833 904 883 incipientem
937 846 960 871 a
988 833 1109 871 verbo
1143 826 1324 883 ἔγραψε,
1357 834 1501 882 optime
1533 833 1701 883 quadret
1731 835 1769 872 in

287 900 529 939 Zenodotum
567 900 783 948 Mallotam,
826 912 940 950 quem
980 901 1099 938 alium
1136 899 1256 938 fuisse
1299 903 1419 950 atque
1456 900 1769 940 Alexandrinum

286 968 413 1006 varias
434 967 484 1006 ob
507 979 645 1006 causas
670 980 791 1017 supra
813 968 1080 1006 demonstrare
1102 967 1334 1018 studuimus,
1365 981 1494 1018 neque
1516 969 1554 1007 in
1575 968 1769 1018 fragmen-

285 1036 347 1085 tis,
384 1049 486 1085 quae
526 1036 597 1074 sub
633 1035 822 1074 Zenodoti
855 1036 1038 1075 Mallotae
1075 1036 1231 1074 nomine
1270 1036 1611 1087 circumferuntur,
1645 1037 1769 1076 ullum

287 1104 492 1153 vestigium
525 1107 662 1160 exstet,
701 1117 748 1142 ex
780 1116 857 1154 quo
894 1104 979 1142 libri
1013 1105 1132 1143 ceteri
1171 1105 1218 1142 ab
1249 1104 1446 1154 Hesychio
1483 1105 1698 1144 enumerati
1735 1105 1769 1143 ei

288 1171 406 1209 tribui
422 1172 585 1222 possint,
606 1172 770 1211 duorum
791 1173 1134 1222 grammaticorum
1152 1172 1271 1210 libros
1289 1172 1583 1211 commemorari
1605 1173 1770 1211 multum

288 1239 405 1277 habet
417 1245 425 1252 '
434 1240 733 1289 probabilitatis.

403 1330 552 1377 Quodsi
583 1333 689 1368 recte
721 1331 928 1381 hucusque
959 1330 1231 1381 iudicavimus,
1261 1331 1359 1369 haec
1390 1334 1433 1369 ut
1462 1331 1636 1370 breviter
1668 1343 1770 1370 com-

287 1397 580 1447 prehendamus
618 1398 884 1437 demonstrata
921 1402 1027 1437 sunt:
1066 1398 1368 1448 distinguendos
1406 1411 1489 1437 esse
1529 1399 1769 1438 Zenodotum

286 1466 599 1504 Alexandrinum
638 1459 718 1503 τόυ
750 1461 798 1502 ἐν
830 1456 948 1503 ἄστει
981 1467 1297 1515 cognominatum
1336 1470 1374 1504 et
1405 1466 1603 1505 Mallotam
1635 1467 1770 1506 Crate-

284 1537 402 1583 teum,
437 1534 497 1571 cui
536 1534 674 1572 librum
714 1527 825 1583 πρὸς
855 1527 909 1571 τὰ
938 1523 1015 1571 ὑπ’
1038 1524 1315 1584 Άριστάρχου
1354 1523 1633 1584 daemonem
1670 1534 1769 1573 falso

285 1601 484 1639 Zenodoto
507 1601 777 1640 Alexandrino
800 1602 1039 1652 adscriptum
1071 1601 1322 1641 tribuendum
1352 1613 1438 1640 esse
1470 1603 1677 1641 verisimile
1700 1605 1771 1641 est.
