1830 3201
242 223 323 261 284

244 345 314 372 nas
356 330 492 369 missos
529 336 626 373 esse,
669 321 735 371 qui
777 317 963 357 auxilium
1005 312 1195 364 peterent,
1235 320 1329 347 sano
1372 316 1489 344 sensu
1529 299 1726 340 concssusit

247 397 522 451 grammaticus
554 406 574 431 e
606 403 687 440 cap.
717 391 780 433 27,
810 389 850 425 3:
891 370 1234 433 παραινούντων)
1265 371 1311 413 δὲ
1345 371 1436 411 τῶν
1469 361 1724 420 ἀφιγμένων

247 466 358 515 κτλ,
389 462 546 511 erravit,
577 457 684 509 quod
716 456 894 495 obsessos
914 450 1047 500 inopia
1066 457 1224 498 pressos
1247 455 1333 483 esse
1354 440 1457 486 dicit,
1488 448 1590 488 quos
1621 446 1725 484 aqua

249 538 287 574 et
317 533 400 572 cibo
428 527 650 569 abundasse
680 523 803 562 Thuc.
835 532 918 569 cap.
946 520 1010 557 26.
1041 518 1092 555 27
1126 514 1250 552 docet.
1308 511 1388 548 Iam
1411 519 1496 546 cum
1518 501 1724 543 videamus

250 615 321 653 pro
362 609 523 639 numero
559 596 655 641 292,
697 591 763 641 qui
805 587 911 639 apud
951 582 1224 633 Thucydidem
1265 579 1407 627 legitur
1447 574 1549 623 (cap.
1579 573 1644 621 38,
1671 564 1726 619 5),

253 672 333 709 300
363 665 580 716 spartiatas
601 662 736 710 captos
758 669 843 696 esse
870 654 958 703 dici,
988 650 1122 701 paullo
1145 646 1420 697 amplificatum
1443 654 1529 681 eum
1551 639 1726 678 dicemus

251 750 347 776 csse.
410 733 519 772 Idem
558 738 744 768 numerus
778 722 947 763 recurrit
982 717 1088 769 apud
1125 715 1339 754 Diodorum
1368 711 1455 757 XII,
1486 711 1549 758 63,
1577 710 1613 756 3,
1649 704 1727 754 qui,

253 817 339 843 cum
363 803 436 840 alia
457 811 559 849 quae
577 798 613 835 in
631 794 782 834 scholio
799 791 952 830 exstent
972 800 994 825 a
1009 783 1243 833 Thucydide
1263 780 1387 832 petita
1403 790 1488 817 esse
1510 776 1653 826 pateat,
1675 772 1730 810 ita

254 875 297 911 ut
312 873 489 909 vetemur
511 865 673 905 credere
694 860 908 900 Diodorum
927 858 996 894 aut
1014 854 1215 904 Ephorum
1233 861 1320 888 esse
1337 846 1562 893 adhibitum,
1583 843 1622 880 in
1640 852 1729 879 ean-

255 941 341 978 dem
364 936 496 976 incidit
517 930 873 982 amplificationem.
932 922 1008 963 Sed
1031 933 1094 960 res
1122 919 1236 958 etiam
1265 915 1455 955 diffieilicr
1481 912 1533 950 fit.
1592 909 1733 947 Exstat

256 1008 355 1046 enim
385 1004 486 1042 idem
509 1010 696 1039 numerus
727 998 764 1035 in
788 993 958 1033 schoLV
981 991 1080 1040 Equ.
1101 990 1220 1036 1053,
1251 983 1368 1034 quod,
1401 993 1487 1019 cum
1519 977 1612 1016 novi
1639 974 1733 1014 nihil

257 1076 405 1123 afferat,
435 1071 620 1118 originem
652 1065 810 1104 videtur
842 1062 987 1100 debere
1018 1057 1167 1096 scholio
1200 1052 1329 1102 Equit.
1357 1052 1421 1100 55,
1459 1048 1588 1087 exstat
1616 1054 1734 1094 porro

259 1142 359 1181 idem
391 1141 427 1177 in
460 1136 621 1176 scholiis
642 1133 711 1172 RV
742 1130 847 1169 Nub.
872 1130 963 1177 186,
996 1125 1059 1164 ubi
1091 1121 1354 1161 recentiorum
1377 1111 1595 1159 codieumss)
1627 1111 1735 1149 scho-

259 1211 352 1248 lium
385 1208 407 1245 l.
434 1206 581 1245 43——4
619 1215 667 1240 ex
699 1199 833 1239 eodem
867 1191 1147 1235 commcntario
1186 1190 1367 1227 haustum
1401 1187 1459 1223 est
1496 1181 1599 1221 unde
1630 1179 1737 1229 prius

260 1279 282 1315 l.
312 1277 486 1315 34—43
518 1271 583 1318 (cf.
614 1268 756 1309 Suidas
786 1278 815 1305 s.
843 1278 877 1303 v.
911 1257 1105 1306 ἐοίκασι),
1142 1257 1204 1296 6ιιὶ
1234 1255 1291 1294 rei
1322 1254 1447 1304 primo
1478 1250 1641 1299 aspectu
1673 1258 1739 1295 op·

262 1355 438 1395 pugnare
468 1340 641 1388 videtur,
670 1335 774 1386 quod
802 1334 839 1371 in
868 1332 999 1382 priore
1027 1327 1175 1366 scholio
1207 1312 1453 1373 τριακόσιοι
1484 1316 1740 1356 numerantur

263 1411 419 1461 captivi,
449 1410 486 1447 in
518 1408 641 1445 altero
673 1391 942 1445 ἑπτακόσιοι,
973 1397 1041 1435 sed
1073 1395 1170 1432 haec
1192 1389 1413 1430 differentia
1443 1388 1496 1425 ita
1522 1384 1613 1422 mihi
1633 1381 1741 1420 vide-

264 1484 328 1517 tur
364 1489 450 1516 esse
486 1472 672 1522 tollenda,
707 1472 750 1509 ut
785 1461 830 1519 ψ’
864 1467 1090 1514 corruptum
1128 1461 1178 1499 sit
1215 1471 1236 1496 e
1266 1448 1316 1494 τ’.
1382 1457 1461 1493 Iam
1500 1452 1547 1490 ab
1583 1451 1743 1488 auctore

265 1546 410 1585 veteris
441 1544 554 1581 huius
576 1537 841 1579 commentarii
873 1530 1145 1581 Thucydidem
1174 1528 1300 1577 ipsum
1332 1524 1506 1562 volutum
1538 1530 1634 1568 esse,
1665 1528 1741 1555 non

267 1628 314 1653 ex
345 1614 428 1651 aliis
456 1611 615 1649 scholiis
646 1608 694 1645 de
717 1605 850 1643 eadem
874 1615 916 1640 re
947 1598 1156 1650 agentibus
1186 1607 1266 1633 rem
1290 1604 1374 1631 esse
1395 1592 1524 1629 natam
1555 1585 1745 1637 probatur

269 1683 400 1721 verbis
437 1691 540 1729 quae
577 1678 615 1714 iu
648 1676 707 1713 his
736 1672 896 1711 scholiis
934 1681 1011 1707 uon
1050 1666 1234 1714 leguntur
1270 1662 1292 1698 l.
1314 1663 1383 1698 42:
1426 1651 1571 1695 ἰστέον
1602 1648 1647 1691 δὲ
1678 1643 1747 1688 ὅτι

269 1752 386 1800 τρεῖς
418 1740 666 1794 ἐπωνυμίας
699 1733 810 1790 εἶχεν
841 1730 864 1775 ὁ
886 1730 1039 1781 τόπος,
1072 1725 1238 1776 Πύλος,
1270 1718 1568 1777 Κορυφάσιον,
1600 1720 1746 1768 Σφακ-

269 1813 409 1868 τηρία,
446 1815 511 1852 ubi
550 1824 637 1850 cum
667 1809 809 1859 Pylum
848 1804 1011 1843 eandem
1051 1812 1136 1839 esse
1173 1811 1217 1836 ac
1249 1793 1514 1846 Sphacteriam
1553 1803 1572 1828 e
1609 1791 1749 1838 poetae

272 1886 401 1923 verbis
431 1883 527 1920 salso
560 1877 798 1918 concluserit
837 1873 1064 1912 scholiastes
1102 1859 1207 1911 τοὺς
1243 1860 1290 1901 ἐκ
1322 1855 1471 1900 Πύλου
1507 1852 1751 1910 ληφθέντες
1805 1851 1806 1854 ’

274 1952 449 2000 dicentis,
487 1949 553 1998 qui
585 1957 738 1994 revera,
774 1943 812 1980 id
844 1940 950 1991 quod
981 1937 1087 1976 haud
1118 1933 1328 1983 ignoravit,
1364 1926 1615 1978 Sphacteriae
1647 1922 1751 1972 capti

274 2022 398 2065 erant,
434 2019 471 2054 in
504 2027 615 2054 usum
647 2012 804 2051 vocavit
834 2009 958 2047 Thuc.
988 2005 1050 2050 IV,
1080 2007 1114 2048 3,
1145 2005 1185 2041 2:
1222 1995 1407 2037 καλοῦσι
1442 1991 1487 2032 δὲ
1518 1984 1654 2042 αὐτὴν
1684 1988 1753 2036 (sc.

275 2083 558 2138 Sphacteriam)
591 2077 631 2119 οἱ
660 2069 999 2127 Λακεδαιμόνιοι
1032 2060 1385 2121 ΚορυφάσιονᾹθ)
1444 2063 1551 2101 Idem
1585 2059 1754 2107 denique

276 2166 460 2194 numerus
499 2152 778 2196 trecentorum,
817 2147 860 2183 ut
900 2155 981 2181 rem
1018 2143 1139 2178 totam
1178 2137 1241 2174 hic
1281 2133 1492 2177 absolvam,
1534 2128 1677 2178 legitur
1716 2125 1755 2162 in

280 2225 409 2273 priore
439 2221 586 2259 scholio
624 2219 714 2255 Pac.
744 2216 836 2260 219,
873 2210 980 2261 quod
1011 2209 1136 2247 solum
1173 2205 1212 2243 in
1241 2205 1285 2252 R,
1315 2201 1451 2239 melius
1481 2199 1519 2235 in
1541 2197 1586 2245 V,
1613 2194 1756 2244 legitur

280 2293 350 2330 sic:
395 2284 654 2335 (1.43-49)
692 2279 739 2320 ἐν
777 2271 1030 2329 ἀι’τιγρι·ἱφῳ
1067 2275 1106 2319 (i.
1134 2286 1166 2311 e.
1203 2273 1240 2309 in
1278 2269 1377 2307 libro
1415 2264 1585 2316 quodam
1624 2271 1758 2299 manu-

280 2360 425 2407 scripto
456 2356 569 2393 Pacis
591 2348 806 2399 Aristoph.)
840 2343 885 2385 δὲ
906 2333 1039 2394 εὗρόν
1059 2351 1170 2379 ποτε
1201 2328 1281 2389 ,,ἢν
1303 2329 1454 2386 ἔχομεν
1474 2325 1557 2381 τὴν
1580 2321 1759 2366 Πύλονα

282 2422 353 2462 καὶ
385 2414 467 2461 οὐκ
501 2415 678 2471 ἄκαιρος
708 2407 819 2467 αὕτη
851 2404 876 2465 ἡ
908 2404 1066 2464 γράφη,
1097 2403 1190 2445 ἐπεὶ
1223 2435 1231 2443 .
1255 2434 1263 2442 .
1287 2434 1295 2441 .
1327 2398 1401 2441 καὶ
1433 2392 1505 2438 διὰ
1523 2390 1629 2441 τοὺς
1651 2394 1760 2445 ληφ-

406 2558 435 2595 9)
466 2551 622 2587 Codices
640 2548 707 2582 RV
733 2550 770 2581 et
793 2544 925 2580 Suidas
950 2542 1099 2576 alteram
1124 2536 1301 2582 praebent
1325 2530 1583 2571 recensionem,
1612 2525 1761 2559 alteram

285 2611 345 2645 alii
370 2610 512 2644 codices
537 2606 608 2641 ΘΜ
620 2604 760 2639 Aldina
784 2600 846 2644 (cf.
870 2598 1050 2633 Zacherus
1075 2595 1097 2629 l.
1115 2604 1145 2628 a.
1172 2603 1205 2636 p.
1225 2594 1299 2625 650.
1319 2589 1411 2631 692),
1442 2589 1483 2620 ut
1508 2584 1539 2618 si
1564 2581 1651 2626 quid
1677 2578 1763 2614 solis

288 2666 342 2700 his
374 2664 566 2700 codicibus
599 2660 814 2696 exhibeatur
848 2656 930 2701 plus
964 2663 1068 2697 quam
1100 2647 1296 2686 verisimile
1330 2645 1379 2679 sit
1410 2642 1447 2677 id
1477 2636 1762 2675 recentissimum

287 2732 367 2757 csse
392 2720 693 2755 additamentum.

401 2779 442 2817 ¹0)
472 2776 527 2810 Dc
552 2784 623 2818 qua
647 2782 685 2806 re
709 2769 914 2805 accuratius
939 2763 1146 2809 disputavit
1166 2759 1377 2801 Bursianus,
1404 2755 1539 2798 Geogr.
1558 2746 1765 2785 Griechenl.

290 2834 321 2868 Π
348 2844 380 2877 p.
404 2836 475 2866 176.
