1815 3231
1469 191 1519 221 ΗΠ

193 285 231 327 Ε.
279 285 332 328 De
363 285 517 328 duobus
544 287 708 330 aoristis
731 288 757 329 ΙΙ
781 289 896 331 activi
931 286 1105 342 0300001·
1136 293 1174 334 et
1207 288 1372 345 ἦρι-(ρον

134 353 236 400 (sive
266 353 354 397 sine
385 354 598 406 augmento
631 350 813 408 ἄραρον)
845 357 1051 399 causativa
1082 360 1137 400 vel
1170 360 1372 402 transitiva
1405 361 1436 400 vi

559 423 763 476 principali
798 423 1013 466 instructis.

641 512 679 554 l.
731 509 929 568 ὅρι”υμμ

160 605 219 643 Ex
250 605 498 644 intransitiva
520 607 678 645 notione
700 608 908 646 verborum
939 622 1014 646 uua
1037 622 1080 647 ex
1104 611 1222 658 stirpe
1245 617 1518 660 prognatorum

43 670 266 711 Sansoritici
310 672 400 719 „ar“
445 672 543 720 (sich
581 674 619 711 in
661 675 887 724 Bewegung
918 679 1060 721 setzen,
1102 678 1287 719 erheben)
1327 682 1364 716 ot
1396 680 1518 717 Latini

47 739 203 786 „orior“
239 743 277 780 et
298 740 423 780 Gotiei
463 741 650 787 „rinnan“
686 741 865 792 (rennen,
897 743 1040 793 lauf0n‚
1067 745 1147 782 sicli
1171 745 1381 788 sturzen)¹)
1420 747 1518 784 haud

43 808 124 846 seio
167 820 215 846 an
260 808 378 847 liceat
418 809 604 858 colligere
641 809 802 847 verbum
837 810 1197 859 Indogermanieum
1231 812 1346 850 fuisse
1379 814 1519 851 intran-

44 876 214 915 sitivum.
284 877 328 915 In
373 877 494 915 verbo
529 876 680 915 Graeco
722 868 878 928 ὄρνυμι
910 878 1155 916 intransitiva
1186 881 1242 917 vis
1273 893 1317 917 ae
1348 885 1520 929 potestas

43 957 66 982 a
98 944 224 983 medio
259 936 447 995 ὄρνυμαι
479 948 517 984 et
547 945 595 983 ab
627 946 743 984 activi
777 946 951 995 perfeeto
984 948 1016 984 ΙΙ
1060 938 1206 996 ὄρωρα
1240 952 1277 985 et
1307 949 1451 986 aoristo
1486 950 1517 986 Il

43 998 201 1062 ὦρονῖ)
242 1013 444 1051 retinetur.
515 1014 677 1052 Praeter
718 1014 821 1052 hunc
861 1015 1045 1052 aoristum
1089 1001 1207 1063 ὦρον
1246 1028 1332 1053 raro
1365 1016 1517 1053 obvium

44 1080 180 1130 lingua
211 1081 364 1120 Graeca
406 1081 617 1120 formarum
657 1082 872 1120 verbalium
906 1082 1042 1120 fertilis
1074 1086 1111 1120 et.
1142 1083 1324 1121 aoristum
1355 1085 1367 1120 1
1400 1075 1518 1131 ὥροις

44 1160 130 1186 oum
172 1150 362 1199 temporis
404 1150 516 1199 signo
559 1157 582 1186 σ
622 1153 660 1188 et
700 1151 886 1188 aoristum
910 1151 942 1188 II
976 1143 1151 1199 (ι’)’ρορον
1189 1151 1340 1199 syllaba
1382 1151 1520 1188 radicis

45 1215 249 1265 duplicata
280 1216 491 1255 formatum
523 1218 759 1267 procreavit.
820 1218 886 1255 Eis
918 1218 1083 1267 aoristis,
1114 1218 1176 1266 qui
1209 1218 1355 1266 syllaba
1378 1218 1519 1255 radicis

44 1283 242 1333 duplicata
283 1283 361 1322 fieti
403 1287 512 1330 sunt,
562 1297 716 1334 semper
759 1284 1041 1335 propemodum
1083 1286 1187 1323 notio
1228 1285 1424 1322 causativa
1466 1286 1517 1322 in-

44 1351 206 1390 haerere
236 1352 351 1391 solet:
383 1352 429 1390 ef.
452 1352 619 1391 aoristos
641 1353 871 1391 Homericos
902 1342 1090 1401 ἀκαχεῑυ,
1122 1342 1309 1401 ἀραρεῖν,
1341 1348 1519 1400 ὀέὸαεῖι·,

42 1414 258 1468 κεκαόεῖυ,
281 1418 506 1467 λελαθεῑυ,
531 1418 727 1470 λελαχεῖν
760 1421 823 1463 (ef.
846 1432 965 1469 supra
988 1413 1216 1469 λαγχάυω).
1247 1420 1353 1458 Cui-t.
1385 1420 1518 1458 Ve1·b.'-'

44 1488 92 1537 ΙΙ,
113 1490 177 1526 34.

157 1555 217 1593 Ita
259 1555 463 1593 causativa
494 1555 601 1593 notio
632 1555 764 1593 aoristi
797 1545 972 1605 (ὄρθρον
1003 1554 1157 1603 saepius
1188 1554 1329 1603 legitur
1362 1552 1397 1590 B
1422 1556 1516 1600 1463

46 1617 72 1659 δ
95 1624 190 1671 7123
228 1633 253 1659 τ
276 1625 355 1661 201
398 1624 494 1672 (quo
527 1623 612 1661 loco
651 1635 736 1661 eum
770 1623 911 1661 Faesio
941 1625 1075 1671 aperte
1106 1634 1126 1659 e
1157 1620 1422 1671 superioribus
1453 1620 1515 1657 ob-

46 1691 187 1728 iectum
219 1686 401 1742 Βορέηυ,
434 1683 599 1741 ἄνεμον
628 1686 762 1741 μέγαν
793 1689 1073 1729 desumendum
1106 1692 1195 1737 est);
1243 1696 1276 1737 ψ
1299 1691 1389 1736 222,
1423 1700 1515 1725 non-

45 1770 256 1808 numquam
290 1761 420 1797 tamen
453 1758 702 1796 intransitiva
732 1758 849 1796 notio.
909 1757 1017 1805 Quae
1049 1769 1068 1794 e
1100 1756 1273 1805 perfecto
1295 1756 1328 1792 ll
1357 1747 1517 1803 ὅρωρα,

44 1825 151 1875 quod
191 1826 367 1866 similiter
406 1829 526 1876 atque
570 1827 739 1865 aoristus
780 1817 956 1875 (ὄρθρον
996 1828 1125 1863 sonat.
1169 1825 1207 1862 in
1249 1824 1430 1862 aoristum
1463 1823 1515 1861 in-

44 1895 203 1934 fluxisse
233 1895 402 1934 videtur.
462 1896 600 1945 Itaque
631 1895 775 1933 factum
807 1906 892 1933 esse
920 1894 1086 1939 videtur,
1118 1897 1159 1932 ut
1181 1893 1226 1931 ob
1249 1894 1379 1930 miram
1401 1892 1514 1940 signi-

46 1962 267 2001 ficationem
314 1963 601 2001 intransitivam
648 1963 794 2001 formas
843 1963 972 2001 aoristi
1023 1954 1197 2012 (ὄρθρου
1246 1961 1418 1999 nonnulli
1469 1972 1515 1999 ex

44 2033 222 2069 veterum
263 2029 649 2080 grammaticorum3)
696 2031 928 2069 auctoritate
973 2043 1042 2079 pro
1088 2029 1251 2080 perfecti
1295 2029 1427 2067 formis
1472 2029 1517 2066 iis

45 2099 151 2145 loeis,
201 2099 267 2138 ubi
308 2099 555 2138 intransitiva
598 2103 724 2139 exstat
753 2100 822 2149 vis,
868 2098 1074 2137 habuerint
1105 2097 1332 2137 metathesin
1365 2097 1515 2146 quanti-

45 2168 148 2217 tatis,
179 2180 280 2217 quae
311 2170 486 2215 vocatur⁷
517 2171 746 2207 statuentes.
814 2167 866 2205 At
895 2179 989 2205 vero
1021 2178 1091 2215 per
1122 2178 1163 2204 se
1193 2165 1319 2215 ipsum
1350 2177 1426 2203 non
1458 2167 1516 2202 est

6 2331 8 2333 ,
158 2288 186 2331 1)
227 2286 283 2323 Of.
312 2287 413 2323 Curt.
438 2288 512 2323 ΕΗ)
535 2291 616 2332 346;
655 2286 771 2322 Fiek.³
799 2286 843 2329 11,
868 2289 926 2329 46;
966 2287 1005 2320 L.
1030 2285 1173 2330 Meyer„
1199 2284 1319 2328 Vergl.
1347 2284 1517 2318 G1·amm.²

44 2344 71 2389 Ι,
96 2347 172 2379 676.

134 2402 163 2445 2)
193 2399 371 2436 Aoristus
402 2395 503 2445 ὦρον
535 2411 607 2435 non
638 2399 736 2443 apud
769 2399 974 2441 Homerum,
1008 2398 1072 2433 sed
1104 2397 1202 2441 apud
1232 2397 1317 2431 Hes.
1341 2400 1430 2430 scut.
1452 2398 1513 2428 4:57

44 2456 236 2501 reperitur.
289 2457 470 2492 Homerus
494 2460 614 2491 tamen
647 2455 751 2490 novit
779 2455 952 2489 aoristum
982 2454 1170 2489 mediaiem
1201 2452 1364 2487 similiter
1393 2449 1514 2486 fiotum

45 2509 211 2558 ω’ρόμην,
238 2508 360 2558 ὤρετο
385 2507 505 2559 (ὦρτο
531 2513 609 2548 sine
636 2511 751 2547 vocali
777 2511 1009 2546 coniunctiva
1034 2510 1184 2552 fictum).

158 2581 187 2626 ³)
221 2580 400 2616 Choerob.
418 2585 493 2625 567,
512 2586 529 2617 S
556 2577 648 2627 ὅρα),
666 2575 759 2624 ὥρα,
782 2576 922 2624 aucupa,
948 2577 988 2613 τὸ
1008 2576 1080 2624 γὰρ
1100 2575 1269 2623 ὓπώρορί
1299 2578 1391 2621 (coll.
1410 2592 1438 2610 ‹v›
1457 2578 1514 2621 62)

46 2632 105 2671 διὰ
122 2632 165 2671 τὸ
183 2632 325 2681 μέτρον
342 2631 630 2683 ὕπερβιβασμὸν
649 2631 863 2676 ἀνεδέξατο,
889 2633 935 2669 cf.
953 2635 1022 2679 Ep.
1040 2635 1155 2669 Cram.
1172 2634 1199 2676 I,
1217 2637 1290 2674 446,
1308 2640 1325 2660 s
1351 2638 1385 2667 et
1402 2633 1515 2667 schol.

45 2691 121 2727 AB
140 2693 173 2726 B
192 2695 268 2735 146,
292 2693 390 2727 unde
407 2702 583 2737 apparere
600 2693 745 2727 videtur
770 2691 920 2725 eandem
944 2690 1152 2725 Herodiano
1170 2688 1283 2723 fuisse
1300 2689 1514 2723 sententiam

46 2749 191 2794 (Lentz.
218 2748 353 2783 Herod.
379 2749 441 2784 rel.
466 2749 502 2782 II
533 2760 568 2793 p.
594 2752 653 2784 381
672 2759 726 2792 sq.
754 2747 862 2789 adn).
919 2746 1036 2781 Schol.
1064 2746 1309 2790 Townleyana
1340 2745 1515 2780 adnotant

50 2801 188 2851 ὤρορε]
216 2799 289 2839 ἀπὸ
315 2807 384 2839 τοῦ
409 2801 535 2851 ὄρωρε-
564 2801 740 2840 .ἶ1ττικι)ῖ··
769 2799 972 2849 ἶπέρθεσις
998 2799 1151 2847 ἐγένετο
1178 2803 1243 2835 τοῦ
1265 2798 1415 2845 χρόνον.
