1815 3231
1447 188 1524 224 291

53 307 357 346 Lacedaemonii
391 306 613 345 studuerint
644 316 777 354 pacem
811 303 956 341 facere:
995 302 1086 351 quia
1123 313 1218 350 pace
1251 300 1355 338 sacta
1386 298 1530 348 captivi

44 375 325 423 reddebantur,
356 374 523 424 captivis
555 375 683 410 autem
716 371 861 419 cogniti
895 373 1008 408 crant
1040 369 1238 418 principos
1271 366 1530 405 Lacedaemo-

44 443 210 491 niorum,
248 442 460 491 propinqui
500 440 687 489 denique,
732 442 773 476 ut
810 438 865 476 rei
902 440 1045 475 natura
1082 436 1174 485 sert,
1213 448 1328 485 quam
1368 434 1530 471 maxime

45 523 116 560 pro
147 510 382 559 propinquis
416 508 653 546 nitebantur.
712 508 821 544 Ilaec
859 506 1038 555 quamvis
1070 504 1289 553 loquaciter
1321 502 1425 540 dicta
1456 502 1532 539 sint

45 578 122 616 alia
154 577 417 627 explicatione
457 576 613 613 omnino
655 587 730 612 non
765 577 894 623 egent.
955 574 1058 621 Ergo
1098 572 1245 610 nullum
1282 569 1387 608 aliud
1426 569 1531 607 testi-

45 646 216 684 monium
249 647 387 693 exstat,
419 656 496 693 quo
526 643 714 692 probetur
745 641 862 679 verba
894 652 981 678 csse
1011 639 1283 687 Thucydidea,
1317 639 1387 676 nisi
1420 637 1530 675 scho-

43 715 135 752 lium
158 712 500 761 Aristophaneum.
562 710 677 757 Quod
701 713 743 747 ut
764 709 988 747 accuratius
1012 708 1335 756 perstringamus,
1366 706 1531 743 Schroc·

46 782 165 821 derus
197 781 363 830 primum
395 780 558 828 Steupio
589 778 784 816 concessit
815 773 883 813 καὶ
911 769 1186 824 ἐσπούδαζον
1218 788 1294 812 non
1318 787 1404 812 csse
1425 774 1532 811 Thu-

46 849 265 899 cydideum,
297 848 402 897 quod
434 859 511 885 non
535 848 618 885 sine
640 846 805 883 artificio
838 846 1019 887 removit;
1053 843 1193 881 deinde
1216 844 1316 881 idem
1339 842 1532 880 concessit

46 918 170 955 verba
200 917 266 954 illo
299 928 376 964 quo
409 914 553 952 tradita
582 916 712 952 essent
744 914 828 950 loeo
861 913 1009 961 scripta
1031 924 1114 949 esse
1147 924 1222 948 non
1256 922 1383 959 posse,
1417 913 1457 947 ut
1488 921 1535 946 ea

47 987 239 1024 insereret
269 984 373 1022 inter
404 974 617 1033 πράσσειν
649 986 687 1019 et
718 971 812 1017 ἀλλ’
835 975 875 1017 οἱ
901 970 1140 1029 Ἀθηναῖοις
1172 979 1240 1016 sed
1274 991 1321 1016 ne
1350 978 1429 1014 illic
1452 977 1534 1026 qui-

50 1055 136 1093 dem
169 1054 286 1103 plane
309 1054 401 1102 apta
423 1054 525 1089 sunt.
586 1051 686 1088 Nam
720 1050 886 1099 primum
919 1060 1217 1097 supervacanea
1248 1045 1534 1095 quodammodo

49 1124 149 1167 sunt,
190 1134 276 1159 cum
310 1120 507 1158 sententia
538 1117 788 1156 antecedenti
819 1103 931 1166 ἦσαν
963 1109 1040 1166 γὰρ
1074 1114 1170 1152 κτλ.
1204 1114 1286 1152 fere
1317 1113 1450 1151 eadem
1483 1113 1537 1150 di-

49 1193 200 1235 cantur,
233 1192 274 1227 ut
304 1188 436 1226 facere
469 1200 546 1225 non
578 1187 704 1236 possis
736 1186 831 1235 quin
854 1185 1102 1234 loquacitatis
1125 1195 1287 1221 accuses
1309 1182 1534 1219 historicum

50 1259 167 1308 plane
206 1257 253 1295 ab
286 1269 331 1294 eo
369 1256 539 1298 alienae;
581 1253 726 1292 deinde
764 1265 842 1302 quo
880 1252 1028 1290 referes
1069 1250 1164 1288 illud
1202 1244 1260 1294 ὡς
1297 1240 1351 1285 ἂν
1382 1238 1535 1298 εἰρήνη

50 1322 226 1376 γένηται
238 1326 257 1363 ἱ)
308 1323 423 1371 Quod
456 1323 486 1360 si
510 1324 626 1372 putas
656 1334 679 1359 a
699 1313 914 1371 πράσσειν
937 1318 1174 1368 dependere,
1207 1321 1249 1355 ut
1275 1307 1460 1366 μάλιστα
1483 1337 1537 1340 —

50 1390 209 1445 ἐνῆγον
240 1393 289 1430 sit
319 1391 602 1440 parentheseos
633 1390 767 1437 instar,
801 1387 1055 1426 contradicit
1082 1386 1323 1433 scholiastes,
1354 1385 1420 1433 qui
1454 1385 1536 1422 sine

51 1462 319 1501 additamento
352 1461 449 1509 legit
478 1451 692 1508 πράσσειν
731 1468 858 1506 neque
892 1456 1072 1494 diversus
1104 1454 1260 1491 videtur
1291 1465 1377 1490 esse
1414 1452 1461 1489 ab
1493 1465 1537 1489 co

51 1530 117 1581 qui
146 1529 276 1580 paullo
298 1530 388 1566 ante
421 1540 505 1566 eam
535 1526 716 1576 exposuit
743 1524 1037 1562 adnotationem
1067 1534 1146 1571 qua
1167 1534 1254 1559 eum
1279 1521 1419 1570 legisse
1442 1520 1538 1558 haec

51 1599 176 1637 verba
212 1608 408 1647 apparere
447 1595 600 1644 putavit
631 1592 920 1641 Selii-oederus3
963 1591 1023 1628 sin
1054 1593 1185 1628 autem
1223 1588 1272 1626 ad
1305 1582 1463 1639 ἐνῆγον
1501 1586 1539 1624 id

52 1667 190 1715 refers,
220 1676 400 1715 pugnare
423 1662 608 1700 videntur
639 1674 725 1699 eum
748 1658 996 1709 Thucydidis
1024 1670 1097 1696 usu
1118 1656 1318 1706 loquendi,
1348 1656 1415 1705 qui
1447 1667 1541 1703 qua-

53 1738 113 1774 ter
143 1734 225 1783 (IV,
247 1735 312 1782 24,
334 1735 375 1781 23
399 1732 463 1781 VI,
486 1734 550 1780 61,
570 1733 609 1773 13
634 1730 716 1778 VII,
741 1731 860 1777 17,1;
884 1728 988 1776 VIII,
1013 1724 1079 1771 78)
1113 1726 1186 1763 hoc
1207 1724 1329 1762 verbo
1353 1723 1541 1772 absolute,

54 1805 193 1853 quater
230 1800 274 1849 (Ι,
297 1803 360 1850 67,
383 1802 424 1848 23
456 1799 503 1847 11,
525 1801 588 1847 21,
611 1801 651 1847 33
683 1797 749 1846 VI,
775 1798 837 1845 15,
859 1799 899 1839 23
940 1795 1004 1843 VI,
1032 1797 1095 1838 21,
1120 1796 1170 1831 10
1208 1804 1445 1842 quamquam
1478 1791 1541 1829 hic

54 1871 325 1909 accusativum
365 1878 558 1917 personae
598 1864 733 1911 habes)
776 1876 863 1902 cum
905 1862 1132 1901 accusativo
1174 1873 1267 1899 usus
1308 1862 1382 1908 est,
1423 1859 1542 1897 semel

55 1938 175 1988 (VIII,
203 1941 266 1985 26,
292 1935 329 1983 1)
369 1948 456 1974 cum
494 1934 717 1984 insequenti
754 1931 958 1980 infinitivo,
996 1941 1207 1979 numquam
1248 1931 1376 1966 autem
1416 1939 1542 1976 neque

56 2008 140 2056 ipse
171 2017 301 2054 neque
332 2003 558 2042 Herodotus
597 2014 683 2039 cum
716 1989 774 2045 (ὃς
812 2002 879 2037 aut
910 1990 968 2044 ὡς
999 1989 1064 2034 ἄν.
1125 1998 1339 2034 Praeterea
1371 2007 1456 2032 cum
1490 1995 1542 2031 vi-

57 2075 230 2113 derimus
268 2073 385 2110 huius
417 2072 539 2121 ipsius
577 2068 716 2107 scholii
754 2071 953 2106 auctorem
992 2064 1238 2114 Thucydidis
1275 2063 1542 2102 recensionem

58 2143 96 2180 in
129 2141 308 2180 manibus
340 2139 524 2178 habuisse
557 2150 635 2176 non
668 2136 861 2174 diversam
893 2135 941 2172 ab
964 2146 1020 2179 ea,
1052 2146 1130 2182 qua
1162 2131 1274 2171 nobis
1305 2133 1434 2169 textus
1465 2142 1543 2168 ser-

58 2212 172 2248 vatus
204 2211 275 2258 est,
305 2207 424 2245 verba
453 2196 640 2256 μάλιστα
664 2224 714 2230 ——
745 2198 921 2254 γένηται
959 2201 1144 2239 historico
1184 2199 1319 2249 utiquc
1356 2210 1441 2236 esse
1478 2198 1543 2236 ab·

63 2276 275 2315 iudicanda
306 2277 412 2324 puto.
461 2273 539 2312 Sed
572 2272 665 2322 quid
689 2272 735 2309 iis
758 2270 975 2309 faciamus?
1025 2269 1095 2306 Est
1117 2269 1169 2306 ita
1201 2270 1243 2305 ut
1273 2267 1457 2315 Steupius
1488 2266 1546 2303 in-

60 2345 218 2383 dicavit.
284 2342 383 2381 Sunt
421 2341 654 2380 scholiastae
694 2339 815 2377 verba
851 2336 987 2376 addita
1025 2335 1076 2374 ad
1114 2334 1388 2383 Aristophanis
1426 2333 1545 2371 verba

60 2410 377 2462 interpretanda:

279 2465 345 2528 50³
368 2465 486 2515 οἶσθ)
510 2467 607 2514 ὅσοι,
637 2465 674 2524 γ’
698 2463 848 2511 αὐτῶν
881 2465 1053 2522 ἔχονται
1084 2467 1165 2507 τοῦ
1196 2461 1330 2517 ξύλου

276 2538 406 2596 μόνοι
437 2532 765 2594 προθυμοῦντ’·

64 2617 102 2653 et
131 2614 230 2652 falso
261 2613 481 2651 afferuntur
519 2614 561 2649 ut
590 2606 862 2657 Thucydidea.
924 2607 983 2644 Ita
1015 2604 1144 2644 omnia
1179 2604 1267 2642 luce
1298 2602 1474 2648 clariora,
1510 2605 1548 2640 et

64 2683 182 2731 plane
214 2682 441 2730 congruunt
462 2679 583 2717 verba
610 2689 696 2716 cum
719 2675 958 2724 loquacitate
980 2673 1222 2711 scholiastae.
1283 2671 1411 2709 Unum
1440 2669 1546 2719 quod

65 2747 338 2788 Schroederus
369 2746 560 2784 indicavit
591 2743 824 2783 vocabulum
857 2734 1028 2791 ἐνάγειν
1059 2753 1145 2778 cum
1177 2739 1283 2789 apud
1314 2738 1440 2777 solum
1471 2738 1547 2775 He-

66 2816 248 2856 rodotum
280 2817 318 2854 et
343 2812 618 2864 Thucydidem
650 2810 907 2858 inveniretur,
939 2808 1174 2847 scholiastae
1206 2818 1290 2846 esse
1323 2804 1547 2844 abiudican-
