1830 3201
286 184 367 220 374

286 303 410 342 τερος
449 291 679 338 Meinekius,
716 292 739 328 l.
768 305 799 328 a.
838 304 871 339 p.
897 293 993 339 7193
1035 291 1081 328 cf.
1115 291 1330 329 Muellerus
1364 294 1423 335 5³;
1471 292 1666 329 Kreehius
1701 295 1762 331 16.

287 360 496 397 Praeterea
529 357 576 396 de
608 370 735 407 poena
767 359 850 395 eius
882 358 947 407 qui
980 370 1064 395 cum
1099 361 1236 395 contra
1258 359 1421 396 salutem
1445 359 1640 407 publicam
1674 372 1762 408 pec-

288 429 412 463 casset
458 415 553 461 κατ’
591 420 861 474 εἰσαγγελίαν
908 425 1168 463 damnabatur
1216 426 1413 463 consuluit
1464 425 1653 474 Didymus
1700 426 1762 472 (cf.

287 507 322 542 p.
344 490 440 538 237)
463 492 642 540 Xenoph.
663 481 766 529 Hell.
783 492 812 542 I,
831 495 865 540 7,
884 495 936 530 20
958 488 1029 528 καὶ
1048 486 1126 529 ε’ἀν
1141 490 1438 543 καταγνωσθῆ
1457 483 1636 539 ἀδικεῖν,
1659 483 1763 530 απο-

289 560 446 597 θανεῖν
477 554 535 603 εἶθ1
565 549 616 596 τὸ
647 549 879 609 βάραθρον
909 555 1200 610 ἐμβληθέντα,
1231 552 1285 596 τὰ
1317 555 1362 596 δὲ
1389 553 1584 612 χρήματα
1617 557 1764 610 δημευ-

289 625 422 677 θῆναι
454 623 522 662 καὶ
556 623 634 676 τῆς
664 625 776 663 θεοῦ
807 620 858 663 τὸ
890 622 1152 664 ἐπιδέκατον
1182 619 1304 664 εἶναι.

401 694 508 731 Haec
540 697 631 731 sunt
662 706 709 732 ea
738 694 898 743 scholia,
929 707 1029 743 quae
1062 694 1210 732 Crateri
1245 695 1399 732 nomine
1431 698 1567 732 ornata
1597 697 1698 732 sunt.

404 760 464 798 Ad
502 760 667 798 eundem
706 766 868 810 propter
904 761 1025 799 schol.
1051 762 1143 809 Lys.
1171 764 1250 801 313
1292 762 1579 799 similitudinem
1621 762 1766 800 rettulit

295 827 654 875 Wilamowitzius3)
686 830 726 874 4)
758 829 878 866 schol.
901 830 991 878 Lys.
1016 831 1106 868 273.

404 896 552 942 Quibus
583 896 633 933 ad
664 897 865 935 Craterum
904 896 1089 946 reductiS,
1127 896 1230 934 unde
1262 897 1453 946 Didymus
1491 898 1767 946 transscripsit,

292 963 494 1001 videamus
525 966 652 1000 utrum
685 964 761 1001 alia
782 967 937 1001 exstent
959 963 1118 1002 decreta
1148 964 1186 1001 in
1209 964 1364 1002 scholiis
1396 976 1496 1013 quae
1527 963 1574 1001 ad
1599 965 1764 1002 cundem

293 1034 361 1068 aut
392 1034 498 1068 certo
530 1035 597 1068 aut
628 1043 714 1068 cnm
743 1031 1016 1080 probabilitate
1047 1035 1214 1080 possunt
1246 1031 1394 1069 referri.
1455 1031 1541 1078 Quo
1564 1044 1584 1069 e
1606 1044 1767 1070 numero

292 1098 409 1137 schol.
435 1099 538 1136 Eccl.
560 1100 639 1136 825
672 1099 800 1136 statim
834 1098 1128 1147 removebimus,
1166 1111 1243 1147 quo
1277 1099 1369 1135 nihil
1409 1099 1480 1136 nisi
1513 1103 1652 1147 poetae
1684 1112 1766 1137 ver-

293 1166 427 1203 borum
461 1165 822 1214 interpretationem
856 1165 1046 1203 contineri
1079 1178 1098 1204 e
1122 1170 1261 1215 poetae
1285 1166 1406 1214 ipsius
1429 1166 1556 1203 verbis
1589 1167 1766 1204 haustam

295 1244 377 1280 cap.
399 1232 436 1268 II
467 1244 554 1280 pag.
576 1233 655 1270 249
688 1232 950 1280 probavimus.

408 1298 447 1345 5)
496 1300 680 1349 Causam,
732 1311 811 1348 qua
858 1299 1002 1337 bellum
1052 1299 1425 1349 Peloponnesiacum
1481 1302 1657 1337 exortum
1705 1301 1769 1343 sit3

296 1367 415 1404 fuisse
456 1366 653 1403 decretum
695 1370 830 1404 contra
872 1367 1121 1415 Megarenses
1163 1366 1293 1404 datum
1337 1367 1468 1404 mult1s
1509 1367 1666 1405 scholiis
1703 1380 1769 1405 ex-

297 1434 466 1470 hibetur:
499 1435 526 1470 Ι.
555 1431 593 1478 α)
615 1433 712 1471 Ach.
729 1436 807 1472 527
831 1431 883 1481 τῇ
898 1431 974 1485 μιᾷ
991 1427 1165 1470 τούτων
1187 1433 1254 1480 (sc.
1272 1432 1534 1479 meretricum)
1557 1428 1769 1484 ἐπέχρητο

298 1493 321 1536 ὸ
345 1497 574 1551 Περικλῆς·
609 1490 662 1537 δι)
683 1490 737 1552 ἢν
767 1491 987 1551 ὀργισθεὶς
1015 1494 1172 1550 ἔγραψε
1205 1492 1257 1537 τὸ
1286 1494 1398 1537 κατὰ
1425 1497 1664 1550 Μεγαρέων
1691 1494 1771 1552 ψή-

298 1576 433 1616 φισμα
471 1557 754 1616 ἀπαγορεῦον
791 1563 991 1616 δέχεσθαι
1026 1558 1187 1612 αὐτοὺς
1225 1562 1284 1612 εἰς
1313 1560 1391 1612 τὰς
1422 1556 1622 1617 ᾌθήνας·
1661 1557 1771 1605 ὅθεν

298 1630 455 1671 ἐκεῖνοι
487 1627 730 1684 εἰργόμενοι
762 1632 855 1672 τῶν
887 1626 1083 1685 Ἀθηνῶν
1119 1631 1404 1685 προσέφυγον
1440 1638 1530 1679 τοῖς
1561 1631 1771 1672 Λακεδαι-

297 1699 480 1752 μονίοις,
517 1700 553 1750 b)
586 1702 680 1740 Ach.
708 1705 800 1750 532,
837 1702 901 1740 ubi
931 1707 1020 1752 post
1050 1703 1225 1740 Timonis
1256 1703 1397 1740 Rhodii
1428 1703 1618 1740 scholium
1651 1703 1771 1741 habes

300 1772 395 1808 haec
427 1770 646 1819 (Didymen,
678 1770 723 1807 cf.
754 1783 790 1819 p.
815 1772 911 1818 236)
945 1771 966 1807 l.
990 1772 1041 1809 28
1073 1765 1167 1807 ἐπεὶ
1198 1758 1221 1807 ὁ
1253 1767 1464 1821 Περικλῆς
1501 1763 1685 1819 γράφων
1721 1761 1772 1807 τὸ

300 1831 499 1889 ψήφισμα
538 1829 630 1874 εἶπε
663 1834 889 1887 ΆῙεγαρέας
927 1831 1030 1888 μήτε
1069 1827 1231 1887 ἀγορᾶς
1269 1831 1371 1888 μήτε
1410 1830 1636 1887 θαλάσσης
1674 1827 1772 1887 μήτ’

302 1897 483 1957 ἠπείρου
513 1901 704 1955 μετέχειν
735 1912 772 1943 et
803 1906 825 1942 l.
848 1908 898 1943 32
931 1898 1156 1941 ἐνεκάλεσε
1189 1900 1233 1941 δὲ
1265 1893 1287 1941 ὁ
1317 1901 1531 1955 Περικλῆς
1567 1908 1660 1949 τοῖς
1689 1903 1772 1942 Με-

301 1972 507 2023 γαρεῦσιν
537 1965 603 2010 ὅτι
636 1966 714 2024 τὴν
742 1966 864 2023 ἱερὰν
894 1965 973 2023 γὴν
1004 1966 1084 2023 τὴν
1107 1963 1268 2022 ὀργάδα
1292 1965 1579 2022 ε’γεώργησαν,
1616 1974 1651 2016 c)
1683 1973 1774 2010 Pac.

302 2045 380 2080 605
412 2042 637 2079 Philochori
660 2041 941 2090 fragmentum3
974 2041 1019 2077 Il.
1052 2040 1090 2083 d)
1122 2040 1212 2077 Pac.
1235 2042 1313 2078 246
1345 2040 1367 2077 l.
1390 2043 1442 2078 50
1458 2052 1541 2088 sqq.
1576 2035 1773 2088 Χαρίνου

300 2103 351 2145 τὸ
387 2102 633 2153 πινάκιον4)
672 2103 914 2152 συνθέντος
951 2099 1001 2144 τὸ
1039 2096 1134 2143 κατ’
1162 2095 1313 2143 αὐτῶν
1351 2102 1673 2156 (Megarensium)
1714 2102 1772 2151 εἷς

303 2169 381 2223 τὴν
402 2172 665 2224 Περικλέους
684 2169 811 2225 χάριν
843 2165 953 2212 ὥστε
983 2168 1086 2226 μήτε·
1118 2171 1193 2224 γῆς
1221 2167 1327 2224 μήτε
1355 2169 1544 2222 λιμένων
1568 2162 1774 2210 ,Ἀττικῶν

411 2286 438 2326 ³)
471 2282 524 2317 cf.
544 2283 670 2317 Philol.
691 2282 904 2316 Untersuch.
923 2283 937 2315 Ι
957 2293 988 2325 p.
1011 2285 1060 2316 71.
1094 2281 1289 2315 Decretum
1304 2289 1431 2314 revera
1448 2290 1467 2314 e
1482 2280 1618 2314 Crateri
1633 2280 1775 2324 sylloge

304 2340 468 2373 haustum
488 2349 568 2373 esse
594 2343 692 2372 certo
718 2344 807 2381 puto
832 2338 962 2380 evinci,
988 2338 1024 2371 id
1051 2337 1150 2380 quod
1175 2337 1243 2369 iam
1264 2335 1562 2369 Wilamowitzius
1587 2335 1775 2378 indicavit,

304 2407 322 2430 e
349 2396 419 2429 line
445 2395 590 2430 scholii:
616 2393 677 2428 καὶ
707 2390 998 2438 ἀναγράψαντες
1024 2390 1075 2433 εἰς
1093 2390 1231 2436 στήλην
1250 2393 1395 2436 χαλκῆν
1419 2386 1583 2434 ἔστησαν
1608 2387 1648 2426 ἐν
1666 2389 1775 2425 πόλει

304 2449 406 2496 παρὰ
435 2448 498 2485 τὸν
525 2447 680 2495 ἀρχαῖον
706 2445 812 2491 νεών,
838 2451 965 2494 quales
985 2449 1216 2483 definitiones
1243 2447 1411 2482 solebant
1427 2447 1510 2480 addi
1533 2447 1686 2481 decretis
1712 2458 1775 2490 pu-

307 2508 408 2541 blicis
427 2512 466 2541 ut
484 2509 521 2541 (J.
537 2508 562 2540 I.
577 2506 625 2541 A.
644 2509 670 2547 Ι,
690 2510 741 2549 20,
758 2508 803 2540 ol.
819 2510 859 2540 250
877 2506 1081 2549 antiquiori,
1098 2516 1130 2538 v.
1151 2507 1159 2537 l
1175 2507 1184 2537 l
1215 2498 1446 2548 [ἀναγράψαι
1465 2501 1504 2537 δὲ
1522 2499 1564 2536 τὸ
1584 2499 1775 2547 ψὴ]φισμα

307 2562 389 2598 τάδε
416 2562 478 2598 καὶ
506 2558 664 2608 [ἇῖρκῙυῂν
691 2559 744 2607 {lv
763 2560 892 2607 [στήλῃ
918 2560 1056 2605 λ]ιθιί’ῃ
1081 2559 1143 2595 καὶ
1171 2563 1303 2603 στῆσαι
1332 2555 1501 2602 {archilei
1520 2555 1586 2592 τόν
1603 2570 1774 2603 γραμμα-

306 2618 372 2655 τέα
400 2624 459 2664 τῆς
482 2621 669 2665 βυυ[λιῆ[ς]
703 2626 739 2654 et
763 2619 973 2654 sescenties.
1024 2620 1191 2652 Ceterum
1225 2626 1303 2650 cum
1330 2616 1471 2649 initium
1497 2614 1627 2648 scholii
1659 2625 1775 2658 usque

306 2678 350 2711 ad
376 2678 397 2711 l.
416 2682 457 2711 40
483 2678 669 2709 maximam
690 2676 821 2710 habeat
838 2674 1111 2709 similitudinem
1137 2683 1216 2707 cum
1236 2671 1411 2706 Herodoti
1430 2671 1473 2713 V,
1493 2674 1544 2705 72.
1563 2674 1615 2714 74,
1640 2670 1696 2704 hic
1713 2674 1776 2704 aut

307 2744 326 2767 a
351 2734 509 2777 Didymo
536 2737 678 2776 praeter
704 2733 892 2766 Craterum
918 2730 1109 2764 consultus
1135 2732 1191 2762 est
1215 2732 1276 2761 ant
1301 2727 1444 2770 abipso
1463 2727 1611 2760 Cratero
1636 2725 1776 2760 adhibi-

307 2794 377 2832 tus,
402 2798 504 2831 quem
533 2788 788 2822 commentario
813 2787 1001 2820 ornavisse
1027 2786 1171 2820 decreta
1196 2782 1374 2817 Krechins
1398 2781 1575 2826 probavit.
