1830 3201
235 192 283 227 12

346 311 378 337 C.
419 299 622 338 Obiectum
655 310 675 335 e
706 297 972 346 superioribus
1003 297 1209 347 suppletur
1240 307 1265 333 ν
1287 300 1350 336 22.

347 367 385 404 d.
424 366 627 404 Obiectum
666 364 863 402 indicatur
900 364 1164 413 subsequente
1199 364 1430 414 pronomine
1468 363 1705 402 demonstra-

234 436 313 472 tivo
344 445 368 483 γ
393 436 482 472 157.

346 512 375 538 e.
415 500 621 538 Obiectum
644 510 838 549 nusquam
862 502 921 537 est
941 498 1172 547 indicatum3
1203 498 1349 548 ellipsis
1370 499 1464 548 eius,
1495 500 1537 536 ut
1558 498 1706 548 opinor,

234 582 310 607 non
342 567 627 612 animadversa,
660 567 821 604 verbum
853 567 902 604 ad
932 566 1253 615 significationem
1284 566 1566 604 intransitivam
1602 566 1706 603 ineli-

235 640 366 675 natum
399 638 455 673 est
484 646 512 685 μ
538 637 632 673 124:
664 624 776 671 ἀλλὰ
794 627 909 684 μάλα
930 629 1132 683 σφοδρῶς
1153 626 1288 670 ἐλάαν
1319 638 1367 682 et,
1398 634 1429 671 si
1458 632 1594 671 Seileri
1614 645 1708 671 vera

235 709 292 742 est
323 703 465 753 opinio,
497 714 522 753 η
546 705 641 741 319:
679 696 718 738 οἱ
751 692 789 738 δ’
809 695 968 739 ἐλόωσι
998 694 1206 752 γαλήνην.
1268 701 1326 738 Ex
1353 700 1489 739 Seileri
1516 701 1709 739 sententia

236 771 395 809 verbum
436 770 561 807 altero
603 769 690 807 loco
730 772 938 818 postquam
977 768 1264 806 intransitivum
1302 768 1420 817 plane
1457 767 1601 806 factum
1639 770 1708 813 est,

237 851 379 877 novum
412 837 678 875 accusativum
710 837 837 886 spatii,
874 836 976 885 quod
1009 836 1095 885 quis
1126 836 1369 885 permetitur,
1405 835 1553 885 pariter
1589 839 1707 885 atque

236 907 520 945 intransitivum
538 903 666 942 πλεῖν
687 905 757 942 sibi
773 904 961 942 adiunxit.
1003 904 1229 953 Ebelingius
1251 906 1378 941 autem
1400 904 1560 942 verbum
1585 915 1608 954 η
1628 907 1706 943 319

234 976 514 1023 interpretatus
552 973 797 1010 transitivum
835 973 908 1010 hac
945 984 1030 1010 eum
1063 971 1347 1020 significatione
1388 973 1528 1017 „maris
1560 984 1708 1020 aequor

236 1042 353 1080 ferire
386 1042 407 1079 i.
435 1053 466 1078 e.
497 1040 636 1078 remis“
673 1039 719 1076 H
735 1042 859 1079 5—6:
890 1034 1091 1090 ἐυξέστης
1122 1032 1326 1087 ἐλάτῃσιν
1353 1036 1358 1086 l
1384 1032 1555 1076 πόντον
1586 1031 1707 1076 ἐλαύ-

237 1108 431 1154 νοντὲςῑ)
462 1107 678 1145 adsimulat.
738 1108 790 1145 At
821 1108 907 1156 quis
939 1111 1007 1155 est,
1043 1107 1136 1156 quin
1170 1110 1301 1144 nostro
1330 1107 1414 1145 loco
1446 1106 1549 1144 illum
1581 1107 1707 1155 ipsum

237 1177 409 1213 dativum
452 1175 790 1213 instrumentalem
833 1167 1032 1222 ἐλάτῃσιν
1077 1174 1126 1210 ad
1170 1173 1377 1211 dictionem
1422 1173 1707 1222 explanandam

238 1243 498 1281 necessarium
521 1242 749 1280 desideret?
800 1242 1009 1279 Praeterea
1031 1240 1301 1279 similitudines
1323 1241 1438 1278 huius
1460 1240 1707 1278 brevissimae

237 1313 468 1350 elocutionis
499 1312 631 1349 nullae
663 1309 926 1360 suppeditant.

771 1496 813 1540 2.
851 1492 1178 1549 παρελαύνω.

351 1583 436 1620 Hoc
477 1581 639 1619 verbum
684 1579 789 1629 apud
830 1579 1043 1617 Homerum
1085 1577 1331 1616 transitivum
1376 1578 1516 1626 legitur
1557 1579 1709 1616 nonnisi

240 1662 325 1688 cum
349 1662 393 1688 eo
417 1649 569 1687 obiecto
599 1648 861 1696 coniunctum⁷
892 1659 968 1695 quo
995 1646 1137 1684 omisso
1167 1649 1304 1695 postea
1328 1645 1597 1684 intransitivus
1620 1659 1711 1685 usus

240 1718 424 1755 nascitur.
483 1716 674 1765 Exempla
704 1727 810 1760 vero,
841 1714 879 1751 in
912 1714 1054 1763 quibus
1085 1713 1276 1751 obiectum
1309 1714 1435 1762 ipsum
1466 1713 1515 1751 ad
1547 1714 1708 1752 verbum

239 1786 459 1834 appositum
491 1785 550 1829 sit,
590 1783 743 1821 desunt.
803 1782 1006 1820 Obiectum
1044 1781 1174 1830 potius
1205 1793 1225 1818 e
1257 1784 1443 1819 contextu
1479 1781 1711 1819 subaudien-

239 1852 328 1891 dum
362 1856 431 1890 est.

590 1930 624 1964 Ι.
656 1930 720 1964 De
753 1928 918 1963 omisso
951 1927 1129 1963 obiecto
1163 1922 1366 1971 ἵππους.

352 2008 556 2047 Obieetum
585 2003 749 2052 ἵππους
780 2011 838 2045 est
869 2008 906 2044 in
939 2008 1124 2044 contextu
1156 2007 1264 2055 prius
1296 2005 1523 2043 denotatum
1560 2003 1600 2043 Ψ
1619 2008 1711 2053 427;

249 2076 288 2114 Ψ
313 2079 407 2116 382:
446 2073 519 2113 καί
551 2069 604 2112 νύ
636 2087 713 2112 κεν
745 2066 768 2125 ἢ
799 2065 1034 2123 παρέλασσ’
1056 2065 1081 2123 ἢ
1115 2063 1386 2123 ἀμφήριστον
1419 2065 1589 2123 ἔθηκεν.
1647 2072 1711 2110 Se-

243 2145 369 2182 cundo
403 2145 487 2182 loco
520 2144 748 2191 Ebelingius
781 2146 819 2180 et
840 2141 1135 2180 Autenriethius
1167 2141 1360 2179 obiectum
1387 2152 1469 2178 esse
1501 2130 1615 2189 ἅρμα
1645 2152 1713 2189 pu-

241 2215 336 2257 tant,
382 2211 551 2249 Seilerus
593 2211 754 2248 liberum
796 2210 999 2247 arbitrium
1042 2207 1250 2257 supplendi
1292 2200 1456 2251 ἵππους
1496 2211 1562 2244 aut
1601 2196 1713 2257 ἅρμα

242 2279 440 2328 permittit.
500 2279 531 2315 E
559 2291 593 2315 v.
616 2281 714 2317 381:
745 2268 812 2314 ἐπ’
835 2267 953 2326 αὖτῷ
983 2269 1063 2326 γὰρ
1094 2266 1285 2323 κεφαλὰς
1315 2269 1560 2310 καταθέντε
1590 2269 1713 2311 πετέ-

242 2346 356 2396 σθην
388 2347 483 2392 (scil.
513 2340 657 2391 ἵπποι)
690 2345 896 2383 manifesto
927 2347 1093 2393 apparet
1122 2343 1219 2381 nihil
1250 2342 1357 2380 aliud
1389 2354 1503 2390 posse
1533 2354 1618 2380 esse
1648 2342 1713 2379 ob-

357 2455 383 2495 1)
409 2453 554 2495 Eseher,
580 2453 652 2487 Der
670 2450 874 2486 Accusativ
891 2451 950 2486 bei
968 2450 1179 2494 Sophocles,
1204 2449 1343 2491 Ziirich,
1369 2449 1455 2483 diss,
1478 2451 1571 2491 1876,
1589 2460 1623 2492 p.
1640 2451 1713 2491 136,

244 2521 289 2545 ne
308 2512 377 2544 Ho
400 2509 544 2553 quidem
570 2508 819 2542 accusativum
845 2507 1011 2550 intellegi
1038 2506 1264 2541 transitivum
1289 2505 1377 2547 vult,
1409 2504 1474 2539 sed
1498 2508 1604 2548 putat
1631 2513 1712 2538 eum

245 2577 326 2602 esse
351 2565 601 2600 accusativum
627 2565 747 2608 spatii,
779 2565 876 2607 quod
907 2564 988 2607 quis
1014 2563 1237 2608 permetitur,
1270 2557 1414 2596 ἐλαύνω
1440 2560 1712 2595 intransitivum

244 2623 439 2666 accipiens.
487 2619 541 2655 At
565 2622 679 2655 altera
702 2620 958 2664 interpretatio
991 2621 1070 2654 sine
1100 2619 1211 2653 dubio
1243 2623 1285 2652 ut
1309 2617 1507 2661 simplicior
1538 2627 1713 2651 commen-

246 2679 365 2721 datur,
398 2677 611 2722 praesertim
637 2688 718 2711 eum
744 2677 901 2711 elocutio
928 2686 1044 2716 „mare
1069 2675 1176 2710 remis
1202 2674 1328 2708 ferire“
1360 2674 1496 2708 usitata
1523 2671 1637 2707 fuisse
1661 2673 1711 2706 vi-

247 2735 386 2768 deatur.
428 2732 486 2767 Sic
512 2732 743 2766 consimiliter
765 2732 896 2766 dicitur
921 2746 931 2764 L
954 2734 1030 2765 104:
1057 2724 1128 2764 ἅλα
1154 2726 1326 2775 ἐρετμοῖς
1350 2726 1520 2773 τύπτεινς
1545 2728 1589 2763 cf.
1607 2728 1713 2763 etiam

247 2789 418 2835 Hesychii
444 2789 617 2832 glossam:
645 2784 881 2828 ἐλαύνοντες·
910 2784 1123 2827 τύπτοντες.
