1830 3201
271 190 350 226 ‘200

271 300 471 338 contendit
509 299 799 345 Duentzerus1)
836 299 1069 349 explicuisse
1106 301 1346 339 Zenodotum
1384 302 1422 339 in
1453 302 1590 352 glossis
1629 315 1741 341 voca-

268 368 401 405 bulum
436 359 555 416 ι’άκη,
588 366 691 416 quod
725 367 960 416 glossemate
987 368 1210 406 accuratius
1232 369 1454 407 examinato
1484 370 1602 419 plane
1634 371 1741 408 evin-

269 436 378 473 citur.
438 435 538 472 Nam
571 435 642 472 etsi
675 434 969 473 concedendum
1003 438 1061 474 est
1096 435 1459 485 interpretationem
1495 430 1546 475 τὸ
1577 430 1744 475 κώδιον

268 514 392 551 aeque
423 502 459 539 in
483 495 594 552 νάκη
625 505 744 552 atque
776 503 814 540 in
843 493 977 548 νάκος
1008 503 1150 542 cadere
1182 502 1349 554 posse2)‚
1381 503 1496 542 aliter
1529 504 1659 544 iudico
1690 505 1739 544 de

267 570 389 608 verbo
419 563 680 619 μαρσύπιον,
720 570 826 619 quod
858 570 1053 620 significat
1084 584 1322 621 crumenam,
1358 570 1572 619 loeulumss)
1633 572 1743 620 Quae

268 638 373 675 notio
406 637 558 675 minime
589 638 690 675 inest
720 638 757 676 in
791 650 885 677 voce
918 631 1050 684 νάκος
1080 651 1108 676 s.
1137 632 1262 690 νάκη,
1294 639 1363 677 sed
1396 639 1535 678 collato
1563 640 1603 677 Il.
1627 652 1744 679 versu

268 704 291 751 ξ
314 707 394 743 530
426 705 565 753 elucet,
596 704 700 743 unde
732 708 824 743 nata
855 706 905 743 sit
935 705 1033 743 haec
1055 706 1240 744 Zenodoti
1264 707 1467 744 sententia.
1526 707 1623 744 Nam
1657 719 1743 746 cum

267 772 370 822 apud
402 773 615 811 Homerum
648 772 685 810 in
715 785 832 812 versu
861 776 942 812 529
975 775 1117 812 mentio
1146 773 1251 812 facta
1272 775 1320 812 sit
1349 771 1539 826 χλαίνης,
1572 775 1744 814 Zenodo-

266 842 329 877 tus
366 841 403 877 in
436 852 489 878 vs.
519 843 600 880 530
636 841 767 879 verbis
804 832 859 878 ἂν
895 836 940 878 δὲ
971 834 1113 892 νάκην
1149 832 1257 878 ἕλετ’
1288 840 1380 879 κτλ.
1420 854 1563 881 novum
1597 843 1744 893 aliquid

267 907 398 945 afferri
441 910 549 945 ratus
595 907 918 957 significationem
969 909 1149 947 vocabuli
1196 902 1308 961 νάκη
1355 910 1535 948 usitatam
1581 911 1746 960 „vellus,

267 975 380 1023 pellis
415 975 508 1013 villo
547 987 617 1013 suo
656 975 781 1013 tecta“
817 977 960 1014 abiecit
998 979 1036 1015 et
1075 976 1123 1015 de
1156 978 1322 1015 mantica
1363 989 1410 1016 ex
1452 978 1598 1016 vellere
1644 990 1746 1016 com·

266 1046 405 1092 parata
437 1043 637 1092 cogitavit3
669 1056 797 1093 neque
820 1044 1044 1093 negaverim
1077 1047 1177 1083 lianc
1204 1045 1426 1094 opinionem
1456 1045 1616 1084 notione
1637 1045 1744 1084 verbi

265 1100 542 1159 (ἱναιρεῑσθαι
584 1111 850 1149 commendari
886 1111 1021 1149 videri.
1080 1110 1167 1159 Quo
1200 1122 1388 1150 concesso
1428 1112 1511 1150 iure
1548 1112 1745 1150 contendi-

268 1190 352 1216 mus
384 1178 623 1217 Zenodotum
656 1192 789 1217 vocem
822 1172 936 1230 νάκη
972 1180 1008 1217 in
1042 1181 1311 1229 quaestionem
1343 1192 1517 1226 vocasse⁷
1555 1182 1744 1230 quantum

266 1245 421 1293 quidem
454 1258 501 1283 ex
533 1247 681 1285 scholio
703 1246 869 1285 Theocr.
901 1247 1113 1296 colligitur.
1174 1247 1323 1295 Quodsi
1352 1247 1521 1297 denique
1554 1247 1601 1285 de
1622 1248 1744 1286 Zeno-

267 1313 346 1350 doti
379 1315 572 1352 sententia
605 1314 855 1353 iudicandum
889 1319 957 1364 est,
996 1318 1162 1364 apparet
1192 1327 1279 1353 eum
1310 1318 1416 1353 recte
1448 1315 1519 1353 sub
1550 1315 1745 1353 vocabulo

266 1372 376 1429 νάκη
400 1380 640 1419 intellexisse
657 1374 835 1430 κώδιον,
857 1394 956 1429 cum,
980 1381 1084 1431 quod
1107 1381 1281 1419 adhibito
1305 1384 1489 1419 contextu
1510 1381 1584 1419 loci
1606 1382 1746 1419 Home-

266 1447 333 1484 rici
367 1448 507 1494 elucet'
542 1449 904 1498 interpretationem
938 1441 989 1485 τὸ
1016 1441 1265 1498 μαρσύπιον
1297 1448 1395 1486 falso
1428 1449 1688 1498 proposuerit.

382 1518 442 1553 11.
489 1517 622 1554 Restat
663 1519 706 1554 ut
741 1528 904 1566 agamus
945 1517 992 1554 de
1029 1516 1149 1554 schol.
1185 1516 1234 1554 ad
1273 1517 1363 1554 Hes.
1392 1516 1542 1565 Theog.
1571 1528 1625 1554 vs.
1656 1518 1747 1564 116,

268 1581 332 1619 ubi
361 1582 498 1620 habes:
526 1576 631 1633 χάος
653 1579 761 1634 λέγει
795 1582 862 1632 (sc.
885 1582 1014 1633 poeta)
1045 1577 1126 1621 τὸν
1148 1579 1388 1633 κεχυμένον
1409 1573 1532 1632 ἀέρα·
1565 1580 1638 1620 καὶ
1662 1577 1744 1634 γὰρ

267 1643 518 1700 Ζηνόδοτος
564 1642 708 1697 οὕτως
753 1648 906 1702 φησίν·
954 1647 1231 1702 Βακχυλίδης
1277 1646 1322 1688 δὲ
1364 1642 1471 1701 χάος
1515 1644 1595 1688 τὸν
1642 1641 1746 1702 ἀέρα

267 1706 479 1767 (ὄνόιιιασε,
523 1715 664 1769 λέγων
703 1715 802 1769 περὶ
840 1717 923 1756 τοῦ
967 1710 1099 1756 ἀετοῦ
1140 1717 1232 1755 κτλ.
1294 1719 1480 1756 Tentavit
1520 1719 1748 1757 coniectura

269 1785 365 1822 llaec
396 1786 516 1824 verba
547 1785 844 1833 Schraderusv:
890 1787 1007 1832 „Cum
1041 1787 1078 1824 in
1111 1786 1269 1832 scholio,
1308 1786 1412 1835 quod
1445 1786 1635 1835 sequitur,
1665 1778 1747 1834 Ζή-

267 1863 360 1888 νων
398 1842 420 1889 ὃ
453 1847 657 1898 Στωικός
698 1855 897 1904 afferatur,
939 1867 1053 1904 quem
1096 1866 1116 1892 e
1156 1854 1275 1891 Probi
1318 1857 1521 1891 comment.
1561 1854 1599 1890 in
1632 1854 1747 1902 Vcrg.

270 1933 304 1969 p.
328 1924 391 1969 21,
414 1919 557 1967 21K5)
590 1923 693 1959 hunc
726 1923 850 1971 ipsum
876 1922 1036 1959 Hesiodi
1059 1933 1214 1959 versum
1247 1922 1300 1958 ita
1332 1921 1632 1970 interpretatum
1662 1931 1747 1958 esse

267 1989 500 2037 accepimus,
533 1992 575 2026 ut
596 1989 742 2027 diceret
774 2002 914 2038 aquam
945 1981 1048 2038 χάος
1075 1988 1311 2038 appellatam
1346 1977 1433 2024 ἀπὸ
1453 1985 1535 2024 τοῦ
1555 1982 1746 2037 χέεσθαι,

267 2056 348 2093 sine
387 2056 503 2094 dubio
541 2057 595 2093 ita
632 2056 715 2094 fere
751 2056 996 2094 scribendum
1036 2059 1094 2094 est
1132 2052 1205 2092 καὶ
1237 2048 1317 2105 γὰρ
1349 2048 1504 2105 Ζήνων
1541 2048 1592 2091 τὸ
1624 2045 1745 2104 [ὕδωρ

267 2122 346 2167 (vel
382 2120 482 2173 περὶ
519 2111 696 2169 ὕδατος)
733 2115 876 2168 οὕτως
913 2119 1017 2174 φησὶ
1055 2121 1162 2169 κτλ,
1200 2135 1278 2172 quo
1316 2122 1429 2160 simul
1466 2124 1643 2172 apparet,
1679 2122 1744 2171 qui

268 2191 517 2239 Baccliylidis
548 2196 615 2229 ae‘r
654 2192 800 2240 opponi
831 2190 986 2240 possit.“
1050 2191 1120 2230 Cui
1159 2190 1486 2240 argumentationi
1525 2188 1746 2239 respondeo

268 2258 375 2295 llaec.
437 2259 551 2306 Quod
593 2258 688 2297 dicit
727 2259 972 2297 Schraderus
1014 2259 1206 2297 Zenonem
1247 2269 1382 2295 vocem
1420 2249 1525 2306 χάος
1565 2269 1587 2294 a
1626 2256 1746 2294 verbo

380 2368 409 2407 ¹)
441 2364 496 2400 Cf.
521 2366 675 2400 Jahrbb.
701 2364 724 2400 f.
751 2366 840 2400 Phil.
866 2365 963 2399 LXV
991 2376 1024 2409 p.
1048 2368 1119 2399 122.

379 2423 408 2462 2)
440 2420 496 2456 Cf.
521 2422 606 2456 Hes.
639 2432 666 2456 s.
691 2433 723 2456 v.
753 2418 886 2465 νάκοςς
926 2421 1028 2456 Phot.
1060 2432 1088 2455 s.
1111 2432 1145 2455 v.
1176 2417 1310 2463 νάκος;
1355 2419 1456 2454 Suid.
1491 2430 1518 2454 s.
1544 2430 1578 2454 v.
1608 2415 1747 2463 νάκηνς

267 2478 369 2511 Eust.
393 2481 488 2518 1771,
506 2480 558 2512 36.

380 2536 410 2576 3)
441 2533 496 2568 of.
521 2534 611 2568 Pon.
629 2533 711 2577 vn,
728 2537 787 2577 τος
811 2534 855 2577 X,
876 2537 954 2578 1523
978 2533 1022 2577 X,
1043 2536 1123 2576 1783
1156 2533 1248 2566 xen.
1272 2532 1364 2566 Heu.
1388 2532 1439 2565 lv
1457 2542 1486 2565 e.
1505 2536 1535 2574 3,
1555 2534 1612 2575 113
1642 2530 1744 2565 Phot.

268 2600 295 2622 s.
315 2600 348 2623 v.
372 2586 577 2634 μάρσιποςς
605 2589 688 2624 Hes.
716 2600 743 2624 s,
761 2601 793 2624 v.
819 2586 1048 2634 Διιαρύσπιον.
1091 2588 1241 2622 Variant
1273 2588 1353 2622 libri
1387 2588 1423 2621 in
1449 2587 1573 2621 formis
1602 2583 1745 2631 μαρσύ-

267 2657 363 2681 πιων,
387 2643 596 2689 μαρσίπιον
620 2645 712 2679 aliis.

382 2704 412 2743 ⁴¹)
442 2712 475 2744 p.
493 2704 558 2734 430
585 2700 666 2735 adn.
686 2704 715 2734 2.

379 2757 408 2799 5)
443 2756 550 2796 „Nam
584 2756 705 2790 Zenon
740 2757 791 2789 sio
824 2756 1096 2799 interpretatur,
1133 2764 1259 2798 aquam
1290 2748 1384 2798 χάος
1415 2754 1633 2797 appellatam
1667 2747 1741 2787 ἀπὸ

273 2814 335 2834 [ον
359 2805 551 2844 lero-‘laist‘
