1830 3201
274 179 326 215 70

278 290 363 327 Hoc
395 290 479 327 loco
511 289 813 328 Doederleinius
844 292 886 328 ut
916 291 1158 330 transitivam
1189 304 1237 329 ex
1259 292 1385 330 activo
1417 293 1598 331 excludat
1628 294 1751 332 notio-

273 369 371 405 nem,
412 356 573 394 formam
612 357 741 395 elisam
779 348 1006 408 ἐρωήσαιτ’
1044 372 1121 397 non
1163 371 1235 408 pro
1272 352 1526 410 ἑρωήσαιτε,
1568 360 1637 399 sed
1678 373 1749 410 pro

272 417 515 474 ἐρωήσαιτο
538 425 805 474 accipiendam
828 437 914 464 esse
937 427 1137 475 opinatur,
1168 427 1383 465 subiectum
1405 425 1528 465 θεῶν
1544 439 1622 473 τις,
1644 428 1749 478 quod

272 505 292 529 e
324 503 442 529 versu
471 494 523 531 55
556 492 810 542 deprompsit,
840 493 923 531 eius
954 493 1136 542 opinione
1167 493 1216 531 ad
1248 495 1465 543 optativum
1496 495 1610 534 huius
1637 496 1749 534 medii

273 561 436 609 spectat.
485 559 536 596 At
564 559 801 609 quicumque
830 563 1055 598 contextum
1088 563 1125 598 et
1148 561 1335 599 orationis
1356 562 1530 611 Neptuni
1561 566 1599 601 et
1619 575 1749 601 rerum

273 626 500 675 inspexerit,
521 638 669 665 mecum
693 627 797 664 illam
820 628 1183 677 interpretationem
1206 629 1492 678 aspernabitur.
1538 630 1750 678 Neptunus

273 694 386 743 enim,
407 694 474 743 qui
491 694 529 731 in
547 694 676 732 animo
693 695 812 733 habet
832 698 1042 745 utrumque
1060 696 1218 735 Aiacem
1237 696 1460 742 admonere,
1482 699 1524 735 ut
1540 697 1748 736 Hectorem

274 774 296 798 a
317 760 482 799 navibus
504 761 747 812 propulsent,
777 762 863 800 vult
894 762 1024 801 dicere
1055 764 1270 802 orationem
1299 763 1557 803 concludens:
1587 765 1642 814 „si
1664 765 1751 814 quis

276 828 436 866 deorum
451 829 561 867 vobis
575 829 742 867 animum
757 830 942 876 iniecerit,
958 831 1168 870 Hectorem
1183 832 1375 881 repellere
1390 828 1600 880 pote1·itis“.
1624 832 1749 880 Quam

273 908 503 945 perversum
527 899 587 934 est
608 896 753 935 dicere:
784 897 968 947 „deorum
992 899 1134 948 aliquis
1156 900 1364 937 Hectorem
1388 894 1597 948 repellet!“

385 965 445 1001 Ex
476 964 681 1003 transitiva
711 966 749 1002 vi
787 977 832 1003 ac
871 968 1064 1014 potestate
1102 967 1212 1005 verbi
1247 979 1387 1005 nomen
1427 956 1650 1017 ἀπερωεύς
1685 966 1749 1005 de-

275 1031 434 1070 ductum
466 1035 524 1070 est
557 1030 593 1069 Θ
620 1035 698 1071 361
738 1033 893 1072 obvium
926 1028 1044 1083 ἐμῶν
1073 1030 1242 1084 μενέων
1273 1024 1500 1084 ἀπερωεύς
1540 1035 1628 1084 „qui
1661 1047 1750 1075 con-

273 1100 357 1137 silia
388 1112 472 1138 mea
502 1099 719 1149 prohibet“.

347 1192 349 1195 »
386 1167 532 1205 Eadem
572 1168 772 1206 causativa
802 1168 862 1206 vis
898 1169 1013 1207 huius
1044 1170 1153 1207 verbi
1193 1172 1321 1208 aetate
1358 1170 1646 1219 posthomerica
1684 1171 1751 1208 ali-

274 1235 457 1284 quotiens
495 1235 599 1284 apud
631 1236 869 1285 posteriores
900 1240 1046 1285 poetas,
1085 1240 1128 1275 ut
1157 1237 1421 1283 Theocritum,
1459 1237 1751 1284 Callimachum,

275 1303 461 1350 Quintum
493 1304 749 1352 Smyrnaeum
783 1304 966 1342 occurrit.

389 1370 568 1419 Denique
609 1372 744 1408 notatu
782 1370 900 1419 digna
936 1370 1093 1409 videtur
1129 1372 1333 1410 transitiva
1371 1372 1602 1421 significatio
1640 1372 1751 1411 relin-

275 1437 421 1486 quendi
461 1437 566 1486 apud
601 1437 766 1475 Theocr.
794 1440 854 1487 13,
877 1440 944 1483 74;
983 1440 1045 1484 24,
1075 1441 1126 1477 99
1166 1441 1204 1477 et
1238 1439 1384 1478 Anton.
1411 1440 1495 1477 Lib.
1526 1452 1557 1477 c.
1582 1443 1602 1478 7
1635 1453 1670 1489 p.
1699 1442 1751 1479 50

276 1505 400 1555 obvia,
438 1517 554 1554 quam
591 1517 638 1543 ex
669 1504 806 1543 eadem
838 1505 1046 1544 transitiva
1078 1507 1139 1544 vel
1169 1508 1373 1544 causativa
1403 1507 1451 1553 vi,
1489 1519 1603 1557 quam
1635 1507 1750 1546 modo

277 1572 590 1620 commemoravi,
619 1583 704 1610 esse
741 1574 864 1610 ortam
901 1570 1157 1622 Ahrensius¹)
1196 1574 1431 1623 suspicatur.
1486 1574 1547 1612 Ad
1582 1573 1656 1613 hoc
1689 1574 1752 1613 ille

276 1639 385 1677 addit
421 1639 742 1689 significationem
779 1640 1025 1685 „verlassen“
1067 1652 1115 1679 ex
1153 1642 1311 1679 notione
1349 1642 1414 1688 „in
1446 1641 1557 1680 Ruhe
1586 1640 1753 1691 lassen“,

277 1720 378 1758 quae
408 1708 507 1746 idem
540 1707 622 1746 fere
644 1708 771 1746 valeat
801 1710 920 1758 atque
947 1709 1148 1747 causativa
1183 1721 1275 1754 „zur
1296 1709 1408 1748 Ruhe
1428 1708 1632 1759 b1·ingen“,
1662 1722 1752 1759 pro-

276 1778 446 1817 fluxisse.
514 1778 590 1816 Sed
636 1779 833 1817 notionem
882 1779 946 1825 „in
988 1779 1099 1817 Ruhe
1141 1778 1294 1816 lassen“
1346 1779 1393 1817 ab
1440 1779 1504 1817 illa
1549 1780 1752 1818 causativa

277 1847 436 1884 notione
482 1859 575 1892 „zur
611 1847 723 1884 Ruhe
761 1846 949 1896 bringen“
991 1847 1106 1885 valde
1145 1847 1300 1886 differre
1338 1847 1541 1886 manifesto
1579 1849 1652 1886 iste
1684 1861 1751 1886 ne-

275 1915 407 1963 glexit.
466 1916 586 1952 Immo
624 1927 717 1952 vero
761 1915 965 1953 transitiva
1006 1914 1239 1965 significatio
1283 1916 1519 1965 „vei-lassen,
1563 1917 1602 1954 in
1639 1917 1752 1955 Ruhe

277 1983 429 2022 lassen“
458 1983 731 2033 significationi
759 1983 922 2032 „rulien,
943 1984 1121 2022 ablassen
1144 1997 1220 2022 von
1245 1986 1390 2023 etwas“
1414 1985 1507 2023 satis
1528 1985 1752 2035 propinqua

277 2054 347 2090 est.
405 2052 498 2090 Cum
530 2051 640 2101 iungi
672 2052 817 2090 soleret
854 2063 939 2089 cum
971 2052 1130 2090 notione
1165 2052 1337 2097 „ruhen“
1373 2052 1578 2101 genetivus
1610 2052 1751 2101 signifi-

278 2132 371 2157 cans
402 2119 451 2165 id,
482 2119 530 2157 ad
563 2119 668 2169 quod
699 2119 766 2157 illa
797 2120 897 2157 actio
929 2119 1100 2158 verbalis
1131 2120 1347 2170 spectabat,
1382 2121 1573 2170 paulatim
1606 2120 1749 2158 factum

278 2191 347 2237 est,
378 2191 420 2226 ut
450 2187 523 2226 hoc
545 2187 756 2225 membrum
789 2188 910 2237 magis
932 2188 1133 2237 magisque
1164 2190 1248 2226 arte
1279 2200 1364 2226 cum
1388 2189 1509 2227 verbo
1537 2188 1749 2227 cohaerere

277 2255 499 2293 sentiretur.
557 2256 662 2304 Ergo
693 2255 740 2292 ad
764 2256 1029 2304 angustiorem
1052 2255 1338 2294 cohaerentiam
1368 2255 1647 2306 designandam
1678 2269 1750 2305 pro

278 2322 460 2371 genetivo
497 2323 744 2360 accusativus
781 2325 841 2360 est
876 2323 1044 2371 positus,
1082 2325 1199 2372 atquc
1236 2322 1482 2360 intransitiva
1518 2323 1750 2373 significatIO

278 2389 457 2427 cessandi
488 2390 714 2428 transitivae
745 2389 1016 2438 significationi
1048 2389 1298 2440 relinquendi
1329 2390 1455 2428 cessit.

865 2545 902 2585 Ρ.
946 2540 1165 2585 κυδάνω.

392 2625 508 2664 Verbi
550 2626 665 2663 huius
706 2625 962 2665 conformatio
1005 2626 1266 2676 grammaticis
1306 2640 1485 2676 magnam
1525 2628 1748 2677 ambigendi

280 2707 326 2731 ac
357 2693 601 2742 disceptandi
632 2694 831 2731 materiam
862 2694 1002 2732 attulit.
1061 2695 1288 2743 Complures
1311 2695 1412 2733 enim
1435 2695 1611 2734 homines
1634 2695 1750 2746 docti,

394 2801 421 2843 ¹)
445 2795 518 2848 Ῥᾷ,
544 2800 599 2834 ein
626 2799 737 2836 Beitr.
762 2803 830 2834 ete.
856 2810 889 2845 p.
910 2803 961 2834 16.
