1830 3201
262 193 338 228 166

258 304 377 353 plexa
407 313 492 339 esse
529 313 575 338 ex
606 300 838 350 fragmentis
869 300 1129 350 concluditur,
1167 301 1265 339 duas
1297 302 1333 339 in
1366 306 1497 351 partes
1527 301 1646 340 fuisse
1678 301 1742 339 di·

258 371 351 419 visa,
383 370 543 407 alteram
578 361 777 418 ἱστορικά
800 368 1060 417 exhibentem,
1090 368 1251 407 alteram
1283 360 1466 418 μυθικά,
1497 372 1615 419 atque
1645 369 1736 406 inde

258 437 402 475 factum
435 448 532 485 esse,
572 438 614 473 ut
645 436 866 474 exstiterint
902 430 1107 485 ἐπιτομαὶ
1139 429 1377 486 ἱστορικῶν
1406 425 1742 487 ὑπομνημάτων

259 508 297 543 et
328 499 528 553 ἐπιτομαὶ
567 501 776 552 μυθικῶν
810 492 1155 553 ὑπομνημάτων.
1217 504 1293 542 Sed
1333 505 1407 541 hoc
1444 515 1582 553 parum
1620 503 1742 541 credi-

260 572 335 610 bile
368 571 543 620 videtur3
574 584 662 608 nam
693 571 739 609 iis
760 571 856 609 locis
886 574 1085 620 quattuor,
1116 570 1181 608 ubi
1214 571 1438 610 Callimachi
1470 571 1568 609 liber
1601 572 1744 610 citatur

259 639 499 688 nominatim,
530 650 660 676 merus
688 638 1018 687 hypomnematon
1042 639 1180 676 titulus
1209 639 1362 688 legitur.
1423 639 1562 688 Neque
1585 638 1746 677 Schnei-

260 706 354 744 dero
391 706 599 744 affirmanti
642 706 884 744 Zenodotum
927 705 1023 743 nihil
1062 706 1135 743 nisi
1174 706 1398 744 Callimachi
1437 706 1744 756 hypomnemata

259 775 507 823 excerpsisse
539 774 743 812 assentior.
804 775 903 812 Nam
937 786 984 811 ex
1006 774 1200 812 Athenaei
1221 773 1351 811 verbis
1383 773 1422 811 id
1454 776 1605 812 tantum
1637 773 1742 812 colli-

259 843 364 892 gitur
394 841 637 880 Zenodotum
669 835 905 891 ἱστορικῶν
926 830 1260 892 ὑπομνημάτων
1288 845 1485 880 auctorem
1520 841 1743 880 habendum

261 922 362 955 esse;
407 922 484 959 quo
523 921 710 947 concesso
751 909 978 947 Schneideri
1015 912 1290 958 argumentum
1333 921 1461 959 neque
1500 909 1743 947 Athenaeum

262 989 388 1027 neque
421 989 654 1027 quemquam
686 979 864 1014 veterum
898 977 1055 1015 novisse
1092 976 1281 1015 Zenodoti
1320 968 1518 1027 ἱστορικὰ
1549 965 1745 1027 ὑπομνή-

259 1056 373 1095 ματα
410 1045 459 1083 ad
499 1057 641 1082 vanum
679 1043 881 1093 redigitur.
950 1045 1162 1083 Praeterea
1198 1044 1478 1084 Callimachum
1518 1045 1641 1082 solum
1680 1057 1745 1082 ex-

263 1113 449 1162 scriptum
481 1112 602 1150 fuisse
634 1112 725 1149 mihi
754 1111 957 1161 probabile
986 1124 1063 1150 non
1086 1115 1155 1159 est,
1187 1113 1257 1150 etsi
1291 1125 1337 1150 ex
1370 1113 1430 1161 iis,
1459 1124 1560 1161 quae
1591 1112 1639 1150 de
1661 1124 1746 1150 ver-

262 1181 320 1219 bis
352 1177 627 1230 Καλλίμαχος
657 1171 683 1230 ἢ
716 1173 966 1231 Ζηνόδοτος
1003 1180 1301 1229 disputavimus,
1341 1180 1536 1229 colligitur
1572 1179 1745 1218 Zenodo-

262 1252 341 1287 tum
375 1249 601 1288 Callimachi
634 1248 877 1298 potissimum
909 1248 1056 1286 scrinia
1087 1248 1329 1297 compilasse.
1392 1248 1506 1296 Quod
1530 1249 1630 1286 enim
1653 1247 1747 1286 dicit

262 1316 527 1355 Schneiderus
559 1328 743 1366 pugnans
774 1329 844 1366 pro
873 1315 1109 1354 Callimacho
1142 1328 1381 1366 magnopere
1413 1315 1626 1365 optandum
1651 1327 1747 1366 esse,

262 1387 304 1422 ut
333 1384 474 1433 aliquis
496 1384 594 1422 alius
627 1389 784 1433 praeter
807 1384 1084 1422 Callimachum
1118 1385 1352 1432 nominetur,
1383 1384 1449 1433 qui
1472 1383 1608 1421 eodem
1631 1383 1746 1421 modo

263 1465 348 1490 cum
373 1451 573 1489 Zenodoto
598 1450 916 1496 contenderetur,
939 1452 1033 1489 nihil
1055 1451 1316 1490 demonstrari
1339 1450 1549 1501 apparet.¹)
1601 1451 1747 1489 Contra

263 1519 489 1557 Schneideri
527 1519 722 1557 sententia
759 1531 805 1556 ea
842 1531 884 1556 re
923 1519 1184 1568 improbatur,
1221 1518 1326 1568 quod
1368 1518 1521 1556 (luobus
1558 1518 1666 1567 locis,
1705 1521 1747 1556 ut

263 1587 364 1625 infra
386 1586 615 1635 videbimus,
645 1586 867 1624 Zenodotus
889 1587 966 1624 alia
988 1590 1107 1636 atque
1131 1586 1393 1625 Callimachus
1415 1586 1586 1624 tradidit.
1636 1586 1745 1633 Quae

263 1668 348 1693 cum
388 1655 442 1693 ita
472 1655 560 1704 siut,
599 1667 686 1692 cum
724 1655 885 1692 aliorum
928 1658 1008 1693 tum
1048 1656 1214 1693 maxime
1253 1654 1481 1693 Callimachi
1525 1654 1644 1692 libros
1682 1666 1747 1692 ex-

264 1725 420 1772 cerptos
451 1734 535 1760 esse
567 1735 588 1759 a
619 1722 820 1760 Zenodoto
852 1723 1033 1760 arbitror.

376 1789 450 1829 Sed
492 1789 630 1839 redeo,
669 1789 774 1827 unde
816 1789 970 1827 deflexi.
1039 1790 1252 1828 Statuimus
1299 1789 1423 1826 titulis
1464 1783 1667 1837 ἐπιτομαί
1710 1791 1749 1825 et

264 1850 464 1908 ἱστορικὰ
494 1846 789 1907 ὑπομνήματα
821 1856 987 1894 eundem
1014 1856 1154 1894 librum
1187 1857 1360 1894 subesse.
1420 1855 1749 1904 Conscripserunt

265 1928 393 1963 autem
426 1928 577 1962 veteres
607 1916 904 1974 ὑπομνήματα
945 1936 989 1962 eo
1027 1925 1206 1969 consilio,
1248 1927 1301 1969 ut,
1343 1935 1442 1972 quae
1481 1923 1666 1961 memoria
1702 1923 1747 1960 iis

266 1992 385 2041 digna
422 1992 664 2040 viderentur,
707 1991 938 2040 colligerent
979 1994 1016 2029 et
1056 1993 1352 2039 componerent,
1394 2003 1472 2039 quo
1510 1990 1548 2028 in
1590 1990 1746 2038 negotio

265 2059 440 2097 ordinem
472 2071 600 2097 rerum
639 2062 676 2096 et
713 2062 933 2108 temporum
971 2071 1088 2107 saepe
1125 2055 1432 2107 neglegebant.2)
1499 2058 1748 2107 Quapropter

265 2128 302 2164 in
336 2120 534 2176 ἱστορικὰ
564 2115 861 2176 ὑπομνήματα
901 2127 1046 2164 relatas
1085 2126 1205 2163 fuisse
1243 2137 1306 2163 res
1341 2124 1390 2162 ad
1422 2125 1620 2163 historiam
1662 2136 1747 2173 per-

265 2195 449 2243 tinentes,
490 2206 588 2243 quas
625 2195 713 2242 quis
753 2206 798 2231 ex
829 2194 913 2231 aliis
950 2193 1149 2231 audiverit
1178 2194 1241 2231 vel
1272 2194 1309 2230 in
1340 2193 1448 2230 libris
1478 2192 1629 2240 legerit,
1672 2193 1747 2228 sta-

265 2261 452 2299 tuendum
485 2264 550 2299 est.
610 2261 747 2298 Talem
777 2261 919 2298 librum
956 2261 1044 2298 item
1076 2261 1175 2298 bene
1206 2252 1416 2309 ἐπιτομάς
1456 2259 1648 2297 nominari
1679 2271 1748 2307 po·

265 2328 386 2366 tuisse
424 2329 497 2365 iam
529 2327 642 2366 facile
675 2327 868 2366 concedes
905 2339 1034 2377 neque
1073 2327 1250 2376 exemplo
1283 2338 1470 2371 caremus,
1509 2325 1615 2375 quod
1646 2325 1748 2363 hanc

267 2396 498 2432 sententiam
530 2394 795 2439 commendat3
828 2407 915 2432 nam
949 2396 1042 2432 citat
1071 2395 1235 2432 Photius
1265 2393 1354 2431 bibl.
1383 2393 1467 2431 cod.
1500 2396 1576 2432 161
1605 2405 1641 2442 p.
1668 2395 1745 2431 103

268 2461 392 2499 Bekk.
418 2462 646 2511 Pamphilae
667 2462 787 2499 libros
815 2461 970 2500 nomine
992 2456 1228 2511 ἐπιτομῶν,
1257 2472 1341 2497 cum
1364 2459 1479 2498 iidem
1501 2461 1538 2498 in
1562 2459 1649 2497 cod.
1668 2462 1745 2498 175

382 2581 409 2622 ι)
443 2577 498 2613 Cf.
525 2578 674 2624 Dilthey
698 2579 720 2613 l.
738 2589 768 2613 c.
793 2590 828 2623 p.
850 2583 908 2623 103
942 2578 1081 2622 Rauch,
1113 2578 1183 2612 Die
1207 2578 1428 2621 Fragmente
1457 2577 1521 2612 der
1545 2575 1658 2611 Aetia
1681 2577 1746 2611 des

270 2635 420 2678 Callim.‚
449 2636 574 2678 Progr.
599 2635 745 2669 Rastatt
771 2638 867 2677 1860,
893 2646 926 2678 p.
946 2637 998 2669 29.
1025 2655 1066 2658 —
1092 2634 1205 2668 Multa
1238 2643 1283 2667 ex
1309 2632 1520 2667 Callimachi
1551 2632 1654 2667 libris
1687 2642 1746 2666 ex-

269 2691 454 2734 cerpsisse
495 2690 718 2725 Zenodotum
759 2690 930 2734 opinatur
974 2689 1209 2734 Sengebusch
1250 2689 1265 2721 1
1305 2700 1339 2732 p.
1371 2691 1432 2733 243
1485 2687 1530 2724 cf.
1570 2687 1747 2722 Barthold

270 2747 293 2780 l·
317 2747 339 2780 L
365 2752 499 2844 ‘'bb-Cf.
525 2800 683 2844 Koepke
709 2800 771 2834 1.1.
796 2811 830 2843 p.
847 2803 876 2833 9.
