<?xml version="1.0" encoding="UTF-8"?>
<!DOCTYPE html PUBLIC "-//W3C//DTD XHTML 1.0 Transitional//EN"
    "http://www.w3.org/TR/xhtml1/DTD/xhtml1-transitional.dtd">
<html xmlns="http://www.w3.org/1999/xhtml" xml:lang="en" lang="en">
 <head>
  <title>
</title>
<meta http-equiv="Content-Type" content="text/html;charset=utf-8" />
  <meta name='ocr-system' content='tesseract 3.04.00' />
  <meta name='ocr-capabilities' content='ocr_page ocr_carea ocr_par ocr_line ocrx_word'/>
</head>
<body>
  <div class='ocr_page' id='page_1' title='image "./deverbisetintran00hilduoft_0325.png"; bbox 0 0 1815 3231; ppageno 0'>
   <div class='ocr_carea' id='block_1_1' title="bbox 1459 218 1537 252">
    <p class='ocr_par' dir='ltr' id='par_1_1' title="bbox 1459 218 1537 252">
     <span class='ocr_line' id='line_1_1' title="bbox 1459 218 1537 252; baseline 0.013 -1"><span class='ocrx_word' id='word_1_1' title='bbox 1459 218 1537 252; x_wconf 71' lang='lat'>317</span> 
     </span>
    </p>
   </div>
   <div class='ocr_carea' id='block_1_2' title="bbox 5 309 1538 1993">
    <p class='ocr_par' dir='ltr' id='par_1_2' title="bbox 5 309 1538 1993">
     <span class='ocr_line' id='line_1_2' title="bbox 58 309 1537 375; baseline 0.001 -16"><span class='ocrx_word' id='word_1_2' title='bbox 58 312 145 359; x_wconf 69' lang='lat' dir='ltr'>cim)</span> <span class='ocrx_word' id='word_1_3' title='bbox 178 316 343 359; x_wconf 73' lang='grc' dir='ltr'><em>τούτου</em></span> <span class='ocrx_word' id='word_1_4' title='bbox 376 309 458 359; x_wconf 64' lang='grc' dir='ltr'>οὖν</span> <span class='ocrx_word' id='word_1_5' title='bbox 488 335 512 372; x_wconf 78' lang='grc' dir='ltr'><em>η</em></span> <span class='ocrx_word' id='word_1_6' title='bbox 546 319 770 373; x_wconf 75' lang='grc' dir='ltr'><em>παροιμία.</em></span> <span class='ocrx_word' id='word_1_7' title='bbox 823 320 891 360; x_wconf 80' lang='grc' dir='ltr'>καὶ</span> <span class='ocrx_word' id='word_1_8' title='bbox 925 317 1085 369; x_wconf 58' lang='grc' dir='ltr'>πάντες</span> <span class='ocrx_word' id='word_1_9' title='bbox 1123 319 1162 361; x_wconf 74' lang='grc' dir='ltr'>οἱ</span> <span class='ocrx_word' id='word_1_10' title='bbox 1196 322 1324 373; x_wconf 76' lang='lat' dir='ltr'>omsoi</span> <span class='ocrx_word' id='word_1_11' title='bbox 1358 321 1537 375; x_wconf 64' lang='lat' dir='ltr'>mouso-</span> 
     </span>
     <span class='ocr_line' id='line_1_3' title="bbox 55 388 1538 441; baseline 0.003 -15"><span class='ocrx_word' id='word_1_12' title='bbox 55 401 183 440; x_wconf 83' lang='grc' dir='ltr'><em>ρητοι</em></span> <span class='ocrx_word' id='word_1_13' title='bbox 214 388 471 427; x_wconf 70' lang='grc' dir='ltr'>καλοῦνται.</span> <span class='ocrx_word' id='word_1_14' title='bbox 534 390 677 430; x_wconf 85' lang='lat' dir='ltr'>Scholii</span> <span class='ocrx_word' id='word_1_15' title='bbox 701 394 813 429; x_wconf 83' lang='lat' dir='ltr'>tenor</span> <span class='ocrx_word' id='word_1_16' title='bbox 834 393 916 429; x_wconf 87' lang='lat' dir='ltr'>sine</span> <span class='ocrx_word' id='word_1_17' title='bbox 939 391 1054 430; x_wconf 84' lang='lat' dir='ltr'>(lubio</span> <span class='ocrx_word' id='word_1_18' title='bbox 1084 393 1283 441; x_wconf 80' lang='lat' dir='ltr'>aliquanto</span> <span class='ocrx_word' id='word_1_19' title='bbox 1307 393 1538 431; x_wconf 83' lang='lat' dir='ltr'>obscuratus</span> 
     </span>
     <span class='ocr_line' id='line_1_4' title="bbox 55 458 1536 509; baseline 0.003 -15"><span class='ocrx_word' id='word_1_20' title='bbox 55 460 130 505; x_wconf 79' lang='lat' dir='ltr'>est3</span> <span class='ocrx_word' id='word_1_21' title='bbox 166 458 295 495; x_wconf 90' lang='lat' dir='ltr'>elucet</span> <span class='ocrx_word' id='word_1_22' title='bbox 318 458 416 496; x_wconf 90' lang='lat' dir='ltr'>enim</span> <span class='ocrx_word' id='word_1_23' title='bbox 451 458 497 495; x_wconf 90' lang='lat' dir='ltr'>de</span> <span class='ocrx_word' id='word_1_24' title='bbox 523 458 674 496; x_wconf 89' lang='lat' dir='ltr'>duobus</span> <span class='ocrx_word' id='word_1_25' title='bbox 698 459 973 497; x_wconf 79' lang='lat' dir='ltr'>Artemonibus</span> <span class='ocrx_word' id='word_1_26' title='bbox 1004 472 1220 498; x_wconf 83' lang='lat' dir='ltr'>sermonem</span> <span class='ocrx_word' id='word_1_27' title='bbox 1246 460 1339 505; x_wconf 69' lang='lat' dir='ltr'>fieri.</span> <span class='ocrx_word' id='word_1_28' title='bbox 1372 463 1536 509; x_wconf 86' lang='lat' dir='ltr'>primum</span> 
     </span>
     <span class='ocr_line' id='line_1_5' title="bbox 54 520 1538 579; baseline 0.001 -16"><span class='ocrx_word' id='word_1_29' title='bbox 54 525 103 563; x_wconf 88' lang='lat' dir='ltr'>dc</span> <span class='ocrx_word' id='word_1_30' title='bbox 134 526 426 575; x_wconf 84' lang='lat' dir='ltr'>Anacreonteo,</span> <span class='ocrx_word' id='word_1_31' title='bbox 459 538 534 575; x_wconf 90' lang='lat' dir='ltr'>quo</span> <span class='ocrx_word' id='word_1_32' title='bbox 570 526 714 564; x_wconf 85' lang='lat' dir='ltr'>factum</span> <span class='ocrx_word' id='word_1_33' title='bbox 747 531 816 576; x_wconf 83' lang='lat' dir='ltr'>est,</span> <span class='ocrx_word' id='word_1_34' title='bbox 849 532 889 564; x_wconf 90' lang='lat' dir='ltr'>ut</span> <span class='ocrx_word' id='word_1_35' title='bbox 922 522 989 563; x_wconf 69' lang='grc' dir='ltr'>ἐπὶ</span> <span class='ocrx_word' id='word_1_36' title='bbox 1021 526 1162 564; x_wconf 68' lang='grc' dir='ltr'>καλοῦ</span> <span class='ocrx_word' id='word_1_37' title='bbox 1193 525 1262 565; x_wconf 82' lang='grc' dir='ltr'>καὶ</span> <span class='ocrx_word' id='word_1_38' title='bbox 1298 520 1538 579; x_wconf 74' lang='grc' dir='ltr'><em>ἁρπαζομέ-</em></span> 
     </span>
     <span class='ocr_line' id='line_1_6' title="bbox 57 587 1538 645; baseline 0.003 -16"><span class='ocrx_word' id='word_1_39' title='bbox 57 604 136 630; x_wconf 69' lang='lat' dir='ltr'>von</span> <span class='ocrx_word' id='word_1_40' title='bbox 175 587 286 643; x_wconf 72' lang='grc' dir='ltr'><em>πρὸς</em></span> <span class='ocrx_word' id='word_1_41' title='bbox 317 587 504 630; x_wconf 68' lang='grc' dir='ltr'><em>πάντων</em></span> <span class='ocrx_word' id='word_1_42' title='bbox 535 587 691 637; x_wconf 54' lang='grc' dir='ltr'>παιδό,Ι</span> <span class='ocrx_word' id='word_1_43' title='bbox 733 594 876 631; x_wconf 90' lang='lat' dir='ltr'>dictum</span> <span class='ocrx_word' id='word_1_44' title='bbox 918 596 966 632; x_wconf 85' lang='lat' dir='ltr'>sit</span> <span class='ocrx_word' id='word_1_45' title='bbox 1008 596 1270 645; x_wconf 82' lang='lat' dir='ltr'>proverbium,</span> <span class='ocrx_word' id='word_1_46' title='bbox 1312 597 1451 634; x_wconf 84' lang='lat' dir='ltr'>deinde</span> <span class='ocrx_word' id='word_1_47' title='bbox 1491 597 1538 635; x_wconf 89' lang='lat' dir='ltr'>de</span> 
     </span>
     <span class='ocr_line' id='line_1_7' title="bbox 57 660 1538 710; baseline 0.003 -12"><span class='ocrx_word' id='word_1_48' title='bbox 57 660 206 698; x_wconf 87' lang='lat' dir='ltr'>artifice</span> <span class='ocrx_word' id='word_1_49' title='bbox 237 661 300 699; x_wconf 90' lang='lat' dir='ltr'>illo</span> <span class='ocrx_word' id='word_1_50' title='bbox 334 662 621 710; x_wconf 81' lang='lat' dir='ltr'>sapientissimo</span> <span class='ocrx_word' id='word_1_51' title='bbox 661 663 724 710; x_wconf 92' lang='lat' dir='ltr'>qui</span> <span class='ocrx_word' id='word_1_52' title='bbox 764 662 911 710; x_wconf 87' lang='lat' dir='ltr'>primus</span> <span class='ocrx_word' id='word_1_53' title='bbox 943 663 1137 701; x_wconf 83' lang='lat' dir='ltr'>invenisse</span> <span class='ocrx_word' id='word_1_54' title='bbox 1170 664 1309 701; x_wconf 87' lang='lat' dir='ltr'>dicitur</span> <span class='ocrx_word' id='word_1_55' title='bbox 1341 665 1538 703; x_wconf 87' lang='lat' dir='ltr'>machinas</span> 
     </span>
     <span class='ocr_line' id='line_1_8' title="bbox 53 728 1535 781; baseline 0.002 -16"><span class='ocrx_word' id='word_1_56' title='bbox 53 728 100 766; x_wconf 81' lang='lat' dir='ltr'>ad</span> <span class='ocrx_word' id='word_1_57' title='bbox 131 728 374 766; x_wconf 86' lang='lat' dir='ltr'>obsidionem</span> <span class='ocrx_word' id='word_1_58' title='bbox 410 730 663 778; x_wconf 73' lang='lat' dir='ltr'>pertinenteS,</span> <span class='ocrx_word' id='word_1_59' title='bbox 694 730 746 766; x_wconf 83' lang='lat' dir='ltr'>ita</span> <span class='ocrx_word' id='word_1_60' title='bbox 780 733 821 767; x_wconf 84' lang='lat' dir='ltr'>ut</span> <span class='ocrx_word' id='word_1_61' title='bbox 853 729 899 767; x_wconf 90' lang='lat' dir='ltr'>de</span> <span class='ocrx_word' id='word_1_62' title='bbox 924 742 1161 779; x_wconf 85' lang='lat' dir='ltr'>unoquoque</span> <span class='ocrx_word' id='word_1_63' title='bbox 1186 731 1338 769; x_wconf 88' lang='lat' dir='ltr'>homine</span> <span class='ocrx_word' id='word_1_64' title='bbox 1370 732 1535 781; x_wconf 75' lang='lat' dir='ltr'>sapienti</span> 
     </span>
     <span class='ocr_line' id='line_1_9' title="bbox 52 796 1536 848; baseline 0.003 -16"><span class='ocrx_word' id='word_1_65' title='bbox 52 796 265 834; x_wconf 80' lang='lat' dir='ltr'>adhibitum</span> <span class='ocrx_word' id='word_1_66' title='bbox 299 797 359 833; x_wconf 88' lang='lat' dir='ltr'>sit.</span> <span class='ocrx_word' id='word_1_67' title='bbox 421 797 479 833; x_wconf 87' lang='lat' dir='ltr'>De</span> <span class='ocrx_word' id='word_1_68' title='bbox 511 797 666 834; x_wconf 89' lang='lat' dir='ltr'>duobus</span> <span class='ocrx_word' id='word_1_69' title='bbox 705 798 794 834; x_wconf 77' lang='lat' dir='ltr'>oliin</span> <span class='ocrx_word' id='word_1_70' title='bbox 835 798 895 834; x_wconf 79' lang='lat' dir='ltr'>hic</span> <span class='ocrx_word' id='word_1_71' title='bbox 936 798 1118 835; x_wconf 77' lang='lat' dir='ltr'>distincte</span> <span class='ocrx_word' id='word_1_72' title='bbox 1157 800 1383 847; x_wconf 79' lang='lat' dir='ltr'>exposuisse</span> <span class='ocrx_word' id='word_1_73' title='bbox 1418 799 1536 848; x_wconf 84' lang='lat' dir='ltr'>Didy-</span> 
     </span>
     <span class='ocr_line' id='line_1_10' title="bbox 53 862 1535 914; baseline 0.003 -14"><span class='ocrx_word' id='word_1_74' title='bbox 53 876 153 901; x_wconf 91' lang='lat' dir='ltr'>mum</span> <span class='ocrx_word' id='word_1_75' title='bbox 187 862 252 909; x_wconf 88' lang='lat' dir='ltr'>(cf.</span> <span class='ocrx_word' id='word_1_76' title='bbox 286 877 320 913; x_wconf 91' lang='lat' dir='ltr'>p.</span> <span class='ocrx_word' id='word_1_77' title='bbox 345 864 440 907; x_wconf 80' lang='grc'>233)</span> <span class='ocrx_word' id='word_1_78' title='bbox 472 865 664 913; x_wconf 85' lang='lat' dir='ltr'>probatur</span> <span class='ocrx_word' id='word_1_79' title='bbox 697 865 876 914; x_wconf 76' lang='lat' dir='ltr'>proverb.</span> <span class='ocrx_word' id='word_1_80' title='bbox 901 865 1070 914; x_wconf 79' lang='lat' dir='ltr'>append.</span> <span class='ocrx_word' id='word_1_81' title='bbox 1099 866 1163 911; x_wconf 79' lang='lat' dir='ltr'>IV,</span> <span class='ocrx_word' id='word_1_82' title='bbox 1188 869 1237 904; x_wconf 83' lang='grc'>32</span> <span class='ocrx_word' id='word_1_83' title='bbox 1273 863 1399 914; x_wconf 71' lang='lat'>(13).·—’‘¹)</span> <span class='ocrx_word' id='word_1_84' title='bbox 1459 868 1535 904; x_wconf 77' lang='lat' dir='ltr'>Iani</span> 
     </span>
     <span class='ocr_line' id='line_1_11' title="bbox 52 931 1535 983; baseline 0.003 -15"><span class='ocrx_word' id='word_1_85' title='bbox 52 931 155 969; x_wconf 89' lang='lat' dir='ltr'>unde</span> <span class='ocrx_word' id='word_1_86' title='bbox 189 932 317 969; x_wconf 83' lang='lat' dir='ltr'>hausit</span> <span class='ocrx_word' id='word_1_87' title='bbox 351 931 569 980; x_wconf 70' lang='lat' dir='ltr'>Didymus?</span> <span class='ocrx_word' id='word_1_88' title='bbox 621 932 753 969; x_wconf 84' lang='lat' dir='ltr'>Potuit</span> <span class='ocrx_word' id='word_1_89' title='bbox 791 945 835 969; x_wconf 83' lang='lat' dir='ltr'>ex</span> <span class='ocrx_word' id='word_1_90' title='bbox 874 933 1170 981; x_wconf 82' lang='lat' dir='ltr'>proverbiorum</span> <span class='ocrx_word' id='word_1_91' title='bbox 1205 934 1337 982; x_wconf 86' lang='lat' dir='ltr'>aliquo</span> <span class='ocrx_word' id='word_1_92' title='bbox 1371 946 1535 983; x_wconf 85' lang='lat' dir='ltr'>corpore</span> 
     </span>
     <span class='ocr_line' id='line_1_12' title="bbox 52 998 1536 1048; baseline 0.002 -12"><span class='ocrx_word' id='word_1_93' title='bbox 52 1011 133 1037; x_wconf 92' lang='lat' dir='ltr'>rem</span> <span class='ocrx_word' id='word_1_94' title='bbox 157 1011 321 1044; x_wconf 81' lang='lat' dir='ltr'>sumere,</span> <span class='ocrx_word' id='word_1_95' title='bbox 345 999 445 1036; x_wconf 89' lang='lat' dir='ltr'>sicut</span> <span class='ocrx_word' id='word_1_96' title='bbox 468 998 639 1048; x_wconf 85' lang='lat' dir='ltr'>Crusins,</span> <span class='ocrx_word' id='word_1_97' title='bbox 671 1000 692 1036; x_wconf 91' lang='lat' dir='ltr'>l.</span> <span class='ocrx_word' id='word_1_98' title='bbox 717 1012 750 1036; x_wconf 86' lang='lat' dir='ltr'>a.</span> <span class='ocrx_word' id='word_1_99' title='bbox 781 1012 817 1048; x_wconf 86' lang='lat' dir='ltr'>p.</span> <span class='ocrx_word' id='word_1_100' title='bbox 842 1002 932 1047; x_wconf 78' lang='lat'>147,</span> <span class='ocrx_word' id='word_1_101' title='bbox 963 1000 1010 1037; x_wconf 88' lang='lat' dir='ltr'>ad</span> <span class='ocrx_word' id='word_1_102' title='bbox 1036 1001 1247 1038; x_wconf 82' lang='lat' dir='ltr'>Demonem</span> <span class='ocrx_word' id='word_1_103' title='bbox 1272 1014 1352 1038; x_wconf 85' lang='lat' dir='ltr'>eam</span> <span class='ocrx_word' id='word_1_104' title='bbox 1379 1002 1536 1039; x_wconf 84' lang='lat' dir='ltr'>rettulit.</span> 
     </span>
     <span class='ocr_line' id='line_1_13' title="bbox 52 1058 1535 1117; baseline 0.001 -13"><span class='ocrx_word' id='word_1_105' title='bbox 52 1065 126 1104; x_wconf 83' lang='lat' dir='ltr'>Sed</span> <span class='ocrx_word' id='word_1_106' title='bbox 167 1079 252 1104; x_wconf 89' lang='lat' dir='ltr'>cum</span> <span class='ocrx_word' id='word_1_107' title='bbox 286 1065 393 1114; x_wconf 88' lang='lat' dir='ltr'>apud</span> <span class='ocrx_word' id='word_1_108' title='bbox 430 1066 680 1104; x_wconf 81' lang='lat' dir='ltr'>Plutarchum</span> <span class='ocrx_word' id='word_1_109' title='bbox 716 1067 856 1104; x_wconf 88' lang='lat' dir='ltr'>Pericl.</span> <span class='ocrx_word' id='word_1_110' title='bbox 885 1070 935 1105; x_wconf 80' lang='grc'>27</span> <span class='ocrx_word' id='word_1_111' title='bbox 971 1067 1137 1115; x_wconf 78' lang='lat' dir='ltr'>legatur:</span> <span class='ocrx_word' id='word_1_112' title='bbox 1170 1058 1355 1117; x_wconf 60' lang='grc' dir='ltr'><em>Ἔσορος</em></span> <span class='ocrx_word' id='word_1_113' title='bbox 1387 1064 1431 1104; x_wconf 74' lang='grc' dir='ltr'>δὲ</span> <span class='ocrx_word' id='word_1_114' title='bbox 1463 1065 1535 1105; x_wconf 85' lang='grc' dir='ltr'>καὶ</span> 
     </span>
     <span class='ocr_line' id='line_1_14' title="bbox 49 1123 1522 1185; baseline 0.001 -15"><span class='ocrx_word' id='word_1_115' title='bbox 49 1137 258 1183; x_wconf 68' lang='grc' dir='ltr'>μηχαναῖς</span> <span class='ocrx_word' id='word_1_116' title='bbox 296 1126 542 1183; x_wconf 70' lang='grc' dir='ltr'><em>χρήσασθαι</em></span> <span class='ocrx_word' id='word_1_117' title='bbox 585 1123 665 1170; x_wconf 69' lang='grc' dir='ltr'><em>τοι)</em></span> <span class='ocrx_word' id='word_1_118' title='bbox 707 1130 921 1183; x_wconf 75' lang='grc' dir='ltr'><em>Περικλέα</em></span> <span class='ocrx_word' id='word_1_119' title='bbox 962 1127 1041 1170; x_wconf 70' lang='grc' dir='ltr'>τὸν</span> <span class='ocrx_word' id='word_1_120' title='bbox 1078 1128 1315 1185; x_wconf 71' lang='grc' dir='ltr'><em>καινότητα</em></span> <span class='ocrx_word' id='word_1_121' title='bbox 1359 1129 1522 1185; x_wconf 61' lang='grc' dir='ltr'><em>θαυμά-</em></span> 
     </span>
     <span class='ocr_line' id='line_1_15' title="bbox 51 1191 1534 1251; baseline 0.001 -14"><span class='ocrx_word' id='word_1_122' title='bbox 51 1209 200 1246; x_wconf 74' lang='grc' dir='ltr'>σαντα,</span> <span class='ocrx_word' id='word_1_123' title='bbox 246 1191 511 1251; x_wconf 57' lang='grc' dir='ltr'><em>Ξ-Ἰρτέμωυος</em></span> <span class='ocrx_word' id='word_1_124' title='bbox 540 1199 622 1238; x_wconf 70' lang='grc' dir='ltr'>τοῦ</span> <span class='ocrx_word' id='word_1_125' title='bbox 643 1199 886 1251; x_wconf 71' lang='grc' dir='ltr'><em>μηχανικοῦ</em></span> <span class='ocrx_word' id='word_1_126' title='bbox 917 1195 1153 1250; x_wconf 73' lang='grc' dir='ltr'><em>παρόντος,</em></span> <span class='ocrx_word' id='word_1_127' title='bbox 1186 1194 1238 1239; x_wconf 71' lang='grc' dir='ltr'>ὃν</span> <span class='ocrx_word' id='word_1_128' title='bbox 1257 1196 1404 1251; x_wconf 73' lang='grc' dir='ltr'><em>χωλὸν</em></span> <span class='ocrx_word' id='word_1_129' title='bbox 1427 1194 1534 1240; x_wconf 68' lang='grc' dir='ltr'>ὄντα</span> 
     </span>
     <span class='ocr_line' id='line_1_16' title="bbox 50 1260 1529 1320; baseline 0.002 -16"><span class='ocrx_word' id='word_1_130' title='bbox 50 1264 121 1305; x_wconf 84' lang='grc' dir='ltr'>καὶ</span> <span class='ocrx_word' id='word_1_131' title='bbox 153 1265 320 1318; x_wconf 76' lang='grc' dir='ltr'><em>φορείῳ</em></span> <span class='ocrx_word' id='word_1_132' title='bbox 358 1260 470 1318; x_wconf 72' lang='grc' dir='ltr'><em>πρὸς</em></span> <span class='ocrx_word' id='word_1_133' title='bbox 501 1262 555 1304; x_wconf 70' lang='grc' dir='ltr'>τὰ</span> <span class='ocrx_word' id='word_1_134' title='bbox 586 1266 874 1318; x_wconf 65' lang='grc' dir='ltr'>κατεπείγοντ</span> <span class='ocrx_word' id='word_1_135' title='bbox 913 1267 1033 1306; x_wconf 66' lang='lat' dir='ltr'>atah»</span> <span class='ocrx_word' id='word_1_136' title='bbox 1066 1262 1205 1319; x_wconf 73' lang='grc' dir='ltr'><em>ἔργων</em></span> <span class='ocrx_word' id='word_1_137' title='bbox 1239 1262 1529 1320; x_wconf 71' lang='grc' dir='ltr'><em>προσκομιζό-</em></span> 
     </span>
     <span class='ocr_line' id='line_1_17' title="bbox 52 1325 1531 1387; baseline 0.002 -14"><span class='ocrx_word' id='word_1_138' title='bbox 52 1347 187 1386; x_wconf 72' lang='grc' dir='ltr'><em>μενον</em></span> <span class='ocrx_word' id='word_1_139' title='bbox 224 1325 527 1387; x_wconf 70' lang='grc' dir='ltr'>ὀνομασθῆναι</span> <span class='ocrx_word' id='word_1_140' title='bbox 562 1329 870 1386; x_wconf 73' lang='grc' dir='ltr'><em>Περιφόρητον</em></span> <span class='ocrx_word' id='word_1_141' title='bbox 910 1335 973 1383; x_wconf 88' lang='lat' dir='ltr'>(cf.</span> <span class='ocrx_word' id='word_1_142' title='bbox 1005 1337 1227 1386; x_wconf 76' lang='lat' dir='ltr'>Muellerus,</span> <span class='ocrx_word' id='word_1_143' title='bbox 1264 1338 1351 1386; x_wconf 79' lang='lat' dir='ltr'>Frg.</span> <span class='ocrx_word' id='word_1_144' title='bbox 1375 1338 1409 1374; x_wconf 91' lang='lat' dir='ltr'>h.</span> <span class='ocrx_word' id='word_1_145' title='bbox 1430 1351 1486 1386; x_wconf 86' lang='lat' dir='ltr'>gr.</span> <span class='ocrx_word' id='word_1_146' title='bbox 1515 1340 1531 1376; x_wconf 90' lang='lat'>1</span> 
     </span>
     <span class='ocr_line' id='line_1_18' title="bbox 48 1403 1531 1453; baseline 0.001 -13"><span class='ocrx_word' id='word_1_147' title='bbox 48 1417 84 1452; x_wconf 93' lang='lat' dir='ltr'>p.</span> <span class='ocrx_word' id='word_1_148' title='bbox 108 1403 217 1453; x_wconf 80' lang='lat'>265),</span> <span class='ocrx_word' id='word_1_149' title='bbox 248 1416 415 1453; x_wconf 87' lang='lat' dir='ltr'>cumque</span> <span class='ocrx_word' id='word_1_150' title='bbox 448 1417 469 1441; x_wconf 81' lang='lat' dir='ltr'>a</span> <span class='ocrx_word' id='word_1_151' title='bbox 492 1404 662 1453; x_wconf 90' lang='lat' dir='ltr'>Didymo</span> <span class='ocrx_word' id='word_1_152' title='bbox 695 1404 894 1453; x_wconf 85' lang='lat' dir='ltr'>Ephorum</span> <span class='ocrx_word' id='word_1_153' title='bbox 928 1404 1143 1442; x_wconf 84' lang='lat' dir='ltr'>adhibitum</span> <span class='ocrx_word' id='word_1_154' title='bbox 1177 1417 1262 1443; x_wconf 88' lang='lat' dir='ltr'>esse</span> <span class='ocrx_word' id='word_1_155' title='bbox 1293 1409 1407 1443; x_wconf 84' lang='lat' dir='ltr'>antea</span> <span class='ocrx_word' id='word_1_156' title='bbox 1429 1406 1531 1443; x_wconf 87' lang='lat' dir='ltr'>vide-</span> 
     </span>
     <span class='ocr_line' id='line_1_19' title="bbox 48 1472 1530 1522; baseline 0.001 -13"><span class='ocrx_word' id='word_1_157' title='bbox 48 1472 179 1521; x_wconf 82' lang='lat' dir='ltr'>rimus,</span> <span class='ocrx_word' id='word_1_158' title='bbox 209 1472 273 1510; x_wconf 89' lang='lat' dir='ltr'>vel</span> <span class='ocrx_word' id='word_1_159' title='bbox 306 1472 396 1509; x_wconf 90' lang='lat' dir='ltr'>inde</span> <span class='ocrx_word' id='word_1_160' title='bbox 426 1472 633 1520; x_wconf 82' lang='lat' dir='ltr'>probabile</span> <span class='ocrx_word' id='word_1_161' title='bbox 665 1472 707 1509; x_wconf 81' lang='lat' dir='ltr'>fit</span> <span class='ocrx_word' id='word_1_162' title='bbox 739 1472 812 1509; x_wconf 89' lang='lat' dir='ltr'>hoc</span> <span class='ocrx_word' id='word_1_163' title='bbox 845 1484 1002 1521; x_wconf 85' lang='lat' dir='ltr'>quoque</span> <span class='ocrx_word' id='word_1_164' title='bbox 1033 1472 1224 1510; x_wconf 88' lang='lat' dir='ltr'>scholium</span> <span class='ocrx_word' id='word_1_165' title='bbox 1258 1472 1306 1510; x_wconf 88' lang='lat' dir='ltr'>ad</span> <span class='ocrx_word' id='word_1_166' title='bbox 1332 1472 1530 1522; x_wconf 84' lang='lat' dir='ltr'>Ephorum</span> 
     </span>
     <span class='ocr_line' id='line_1_20' title="bbox 5 1539 1531 1589; baseline 0.001 -12"><span class='ocrx_word' id='word_1_167' title='bbox 5 1556 11 1562; x_wconf 93' lang='lat'><em>·</em></span> <span class='ocrx_word' id='word_1_168' title='bbox 48 1539 244 1578; x_wconf 84' lang='lat' dir='ltr'>recedere.</span> <span class='ocrx_word' id='word_1_169' title='bbox 297 1539 459 1577; x_wconf 80' lang='lat' dir='ltr'>Accedit</span> <span class='ocrx_word' id='word_1_170' title='bbox 491 1540 610 1577; x_wconf 84' lang='lat' dir='ltr'>aliud.</span> <span class='ocrx_word' id='word_1_171' title='bbox 660 1539 806 1577; x_wconf 82' lang='lat' dir='ltr'>Contra</span> <span class='ocrx_word' id='word_1_172' title='bbox 830 1540 975 1588; x_wconf 84' lang='lat' dir='ltr'>Ephori</span> <span class='ocrx_word' id='word_1_173' title='bbox 1000 1540 1098 1577; x_wconf 89' lang='lat' dir='ltr'>enim</span> <span class='ocrx_word' id='word_1_174' title='bbox 1123 1541 1354 1578; x_wconf 85' lang='lat' dir='ltr'>sententiam</span> <span class='ocrx_word' id='word_1_175' title='bbox 1382 1544 1531 1589; x_wconf 85' lang='lat' dir='ltr'>pugnat</span> 
     </span>
     <span class='ocr_line' id='line_1_21' title="bbox 48 1607 1529 1656; baseline 0.001 -12"><span class='ocrx_word' id='word_1_176' title='bbox 48 1607 282 1645; x_wconf 81' lang='lat' dir='ltr'>Plutarchus</span> <span class='ocrx_word' id='word_1_177' title='bbox 330 1607 553 1645; x_wconf 84' lang='lat' dir='ltr'>Heraclidis</span> <span class='ocrx_word' id='word_1_178' title='bbox 593 1607 746 1645; x_wconf 88' lang='lat' dir='ltr'>Pontici</span> <span class='ocrx_word' id='word_1_179' title='bbox 787 1608 1019 1645; x_wconf 84' lang='lat' dir='ltr'>auctoritate</span> <span class='ocrx_word' id='word_1_180' title='bbox 1063 1608 1189 1656; x_wconf 85' lang='lat' dir='ltr'>nisus,</span> <span class='ocrx_word' id='word_1_181' title='bbox 1235 1608 1301 1656; x_wconf 89' lang='lat' dir='ltr'>qui</span> <span class='ocrx_word' id='word_1_182' title='bbox 1346 1609 1529 1646; x_wconf 88' lang='lat' dir='ltr'>maiorem</span> 
     </span>
     <span class='ocr_line' id='line_1_22' title="bbox 47 1674 1531 1725; baseline 0.001 -13"><span class='ocrx_word' id='word_1_183' title='bbox 47 1678 142 1713; x_wconf 82' lang='lat' dir='ltr'>natu</span> <span class='ocrx_word' id='word_1_184' title='bbox 175 1686 259 1713; x_wconf 88' lang='lat' dir='ltr'>esse</span> <span class='ocrx_word' id='word_1_185' title='bbox 299 1676 549 1712; x_wconf 83' lang='lat' dir='ltr'>Artemonem</span> <span class='ocrx_word' id='word_1_186' title='bbox 588 1674 850 1713; x_wconf 82' lang='lat' dir='ltr'>Anacreontis</span> <span class='ocrx_word' id='word_1_187' title='bbox 886 1675 1056 1712; x_wconf 83' lang='lat' dir='ltr'>carmine</span> <span class='ocrx_word' id='word_1_188' title='bbox 1094 1675 1246 1723; x_wconf 84' lang='lat' dir='ltr'>probat,</span> <span class='ocrx_word' id='word_1_189' title='bbox 1282 1675 1385 1713; x_wconf 91' lang='lat' dir='ltr'>unde</span> <span class='ocrx_word' id='word_1_190' title='bbox 1422 1680 1531 1725; x_wconf 84' lang='lat' dir='ltr'>patet</span> 
     </span>
     <span class='ocr_line' id='line_1_23' title="bbox 51 1742 1528 1791; baseline 0 -10"><span class='ocrx_word' id='word_1_191' title='bbox 51 1756 130 1781; x_wconf 89' lang='lat' dir='ltr'>non</span> <span class='ocrx_word' id='word_1_192' title='bbox 162 1743 302 1780; x_wconf 88' lang='lat' dir='ltr'>multos</span> <span class='ocrx_word' id='word_1_193' title='bbox 334 1742 551 1791; x_wconf 82' lang='lat' dir='ltr'>historicos,</span> <span class='ocrx_word' id='word_1_194' title='bbox 588 1745 693 1780; x_wconf 86' lang='lat' dir='ltr'>certe</span> <span class='ocrx_word' id='word_1_195' title='bbox 726 1742 918 1780; x_wconf 89' lang='lat' dir='ltr'>neminem</span> <span class='ocrx_word' id='word_1_196' title='bbox 950 1755 1084 1780; x_wconf 90' lang='lat' dir='ltr'>eorum</span> <span class='ocrx_word' id='word_1_197' title='bbox 1124 1755 1222 1791; x_wconf 88' lang='lat' dir='ltr'>quos</span> <span class='ocrx_word' id='word_1_198' title='bbox 1253 1756 1337 1791; x_wconf 86' lang='lat' dir='ltr'>cap.</span> <span class='ocrx_word' id='word_1_199' title='bbox 1366 1744 1528 1781; x_wconf 80' lang='lat' dir='ltr'>XXVIII</span> 
     </span>
     <span class='ocr_line' id='line_1_24' title="bbox 48 1809 1528 1859; baseline -0.001 -11"><span class='ocrx_word' id='word_1_200' title='bbox 48 1811 95 1848; x_wconf 89' lang='lat' dir='ltr'>de</span> <span class='ocrx_word' id='word_1_201' title='bbox 127 1809 262 1848; x_wconf 91' lang='lat' dir='ltr'>eodem</span> <span class='ocrx_word' id='word_1_202' title='bbox 291 1809 394 1847; x_wconf 88' lang='lat' dir='ltr'>bello</span> <span class='ocrx_word' id='word_1_203' title='bbox 427 1811 541 1847; x_wconf 85' lang='lat' dir='ltr'>affert</span> <span class='ocrx_word' id='word_1_204' title='bbox 572 1812 746 1859; x_wconf 81' lang='lat' dir='ltr'>agentes,</span> <span class='ocrx_word' id='word_1_205' title='bbox 779 1809 826 1847; x_wconf 90' lang='lat' dir='ltr'>de</span> <span class='ocrx_word' id='word_1_206' title='bbox 858 1809 1080 1847; x_wconf 88' lang='lat' dir='ltr'>Artemonis</span> <span class='ocrx_word' id='word_1_207' title='bbox 1112 1811 1342 1859; x_wconf 84' lang='lat' dir='ltr'>cognomine</span> <span class='ocrx_word' id='word_1_208' title='bbox 1375 1810 1528 1857; x_wconf 79' lang='lat' dir='ltr'>dixisse,</span> 
     </span>
     <span class='ocr_line' id='line_1_25' title="bbox 50 1875 1528 1926; baseline 0 -11"><span class='ocrx_word' id='word_1_209' title='bbox 50 1876 156 1926; x_wconf 90' lang='lat' dir='ltr'>quod</span> <span class='ocrx_word' id='word_1_210' title='bbox 196 1878 227 1915; x_wconf 91' lang='lat' dir='ltr'>si</span> <span class='ocrx_word' id='word_1_211' title='bbox 272 1876 416 1914; x_wconf 83' lang='lat' dir='ltr'>factum</span> <span class='ocrx_word' id='word_1_212' title='bbox 459 1879 562 1914; x_wconf 86' lang='lat' dir='ltr'>esset</span> <span class='ocrx_word' id='word_1_213' title='bbox 608 1875 786 1925; x_wconf 87' lang='lat' dir='ltr'>profecto</span> <span class='ocrx_word' id='word_1_214' title='bbox 829 1888 905 1914; x_wconf 92' lang='lat' dir='ltr'>non</span> <span class='ocrx_word' id='word_1_215' title='bbox 949 1880 1154 1925; x_wconf 84' lang='lat' dir='ltr'>tantopere</span> <span class='ocrx_word' id='word_1_216' title='bbox 1197 1880 1334 1915; x_wconf 88' lang='lat' dir='ltr'>contra</span> <span class='ocrx_word' id='word_1_217' title='bbox 1380 1877 1528 1926; x_wconf 87' lang='lat' dir='ltr'>Ephori</span> 
     </span>
     <span class='ocr_line' id='line_1_26' title="bbox 50 1938 1527 1993; baseline 0 -10"><span class='ocrx_word' id='word_1_218' title='bbox 50 1938 312 1983; x_wconf 82' lang='lat' dir='ltr'>narrationem</span> <span class='ocrx_word' id='word_1_219' title='bbox 351 1944 458 1982; x_wconf 91' lang='lat' dir='ltr'>nisus</span> <span class='ocrx_word' id='word_1_220' title='bbox 498 1947 611 1982; x_wconf 85' lang='lat' dir='ltr'>esset.</span> <span class='ocrx_word' id='word_1_221' title='bbox 675 1944 755 1981; x_wconf 82' lang='lat' dir='ltr'>Iam</span> <span class='ocrx_word' id='word_1_222' title='bbox 793 1944 914 1981; x_wconf 76' lang='lat' dir='ltr'>verba</span> <span class='ocrx_word' id='word_1_223' title='bbox 952 1944 1085 1982; x_wconf 90' lang='lat' dir='ltr'>scholii</span> <span class='ocrx_word' id='word_1_224' title='bbox 1123 1945 1205 1993; x_wconf 88' lang='lat' dir='ltr'>ipsa</span> <span class='ocrx_word' id='word_1_225' title='bbox 1241 1944 1527 1993; x_wconf 87' lang='lat' dir='ltr'>quodammodo</span> 
     </span>
    </p>
   </div>
   <div class='ocr_carea' id='block_1_3' title="bbox 42 2095 1525 2870">
    <p class='ocr_par' dir='ltr' id='par_1_3' title="bbox 42 2095 1525 2870">
     <span class='ocr_line' id='line_1_27' title="bbox 158 2095 1525 2140; baseline -0.001 -9"><span class='ocrx_word' id='word_1_226' title='bbox 158 2100 202 2140; x_wconf 75' lang='grc' dir='ltr'>2ο)</span> <span class='ocrx_word' id='word_1_227' title='bbox 239 2096 484 2130; x_wconf 80' lang='lat' dir='ltr'>Anacreontis</span> <span class='ocrx_word' id='word_1_228' title='bbox 517 2095 759 2139; x_wconf 80' lang='lat' dir='ltr'>fragmentum</span> <span class='ocrx_word' id='word_1_229' title='bbox 798 2098 982 2128; x_wconf 82' lang='lat' dir='ltr'>servatum</span> <span class='ocrx_word' id='word_1_230' title='bbox 1016 2095 1113 2138; x_wconf 83' lang='lat' dir='ltr'>apud</span> <span class='ocrx_word' id='word_1_231' title='bbox 1144 2095 1280 2130; x_wconf 84' lang='lat' dir='ltr'>Athen.</span> <span class='ocrx_word' id='word_1_232' title='bbox 1304 2095 1385 2138; x_wconf 88' lang='lat' dir='ltr'>XII,</span> <span class='ocrx_word' id='word_1_233' title='bbox 1413 2100 1525 2130; x_wconf 72' lang='lat' dir='ltr'>533e:</span> 
     </span>
     <span class='ocr_line' id='line_1_28' title="bbox 520 2145 1057 2195; baseline -0.004 -10"><span class='ocrx_word' id='word_1_234' title='bbox 520 2147 650 2194; x_wconf 61' lang='grc' dir='ltr'><em>Ξάνθῃ</em></span> <span class='ocrx_word' id='word_1_235' title='bbox 678 2145 708 2183; x_wconf 73' lang='grc' dir='ltr'>δ’</span> <span class='ocrx_word' id='word_1_236' title='bbox 724 2145 925 2195; x_wconf 59' lang='grc' dir='ltr'><em>Εὐρυπύλῃ</em></span> <span class='ocrx_word' id='word_1_237' title='bbox 951 2146 1057 2192; x_wconf 75' lang='grc' dir='ltr'><em>μέλει</em></span> 
     </span>
     <span class='ocr_line' id='line_1_29' title="bbox 517 2201 1033 2251; baseline -0.004 -10"><span class='ocrx_word' id='word_1_238' title='bbox 517 2203 536 2241; x_wconf 76' lang='grc' dir='ltr'>ὁ</span> <span class='ocrx_word' id='word_1_239' title='bbox 564 2203 823 2251; x_wconf 69' lang='grc' dir='ltr'>περιφόρητος</span> <span class='ocrx_word' id='word_1_240' title='bbox 851 2201 1033 2250; x_wconf 57' lang='grc' dir='ltr'><em>,Ἀρτέμων</em></span> 
     </span>
     <span class='ocr_line' id='line_1_30' title="bbox 47 2262 1520 2309; baseline -0.001 -10"><span class='ocrx_word' id='word_1_241' title='bbox 47 2265 106 2307; x_wconf 81' lang='lat' dir='ltr'>(cf.</span> <span class='ocrx_word' id='word_1_242' title='bbox 133 2265 318 2309; x_wconf 85' lang='lat' dir='ltr'>Bergkius</span> <span class='ocrx_word' id='word_1_243' title='bbox 344 2264 415 2298; x_wconf 84' lang='grc'>1113</span> <span class='ocrx_word' id='word_1_244' title='bbox 440 2275 473 2308; x_wconf 91' lang='lat' dir='ltr'>p.</span> <span class='ocrx_word' id='word_1_245' title='bbox 493 2266 585 2307; x_wconf 80' lang='lat'>261),</span> <span class='ocrx_word' id='word_1_246' title='bbox 609 2272 824 2306; x_wconf 82' lang='lat' dir='ltr'>quamquam</span> <span class='ocrx_word' id='word_1_247' title='bbox 851 2262 959 2305; x_wconf 87' lang='lat' dir='ltr'>plane</span> <span class='ocrx_word' id='word_1_248' title='bbox 984 2262 1088 2296; x_wconf 86' lang='lat' dir='ltr'>aliam</span> <span class='ocrx_word' id='word_1_249' title='bbox 1115 2262 1172 2296; x_wconf 90' lang='lat' dir='ltr'>hic</span> <span class='ocrx_word' id='word_1_250' title='bbox 1197 2262 1336 2306; x_wconf 84' lang='lat' dir='ltr'>profert</span> <span class='ocrx_word' id='word_1_251' title='bbox 1365 2264 1520 2307; x_wconf 82' lang='lat' dir='ltr'>explica-</span> 
     </span>
     <span class='ocr_line' id='line_1_31' title="bbox 43 2315 1523 2363; baseline -0.001 -9"><span class='ocrx_word' id='word_1_252' title='bbox 43 2322 180 2355; x_wconf 86' lang='lat' dir='ltr'>tionem</span> <span class='ocrx_word' id='word_1_253' title='bbox 205 2331 226 2354; x_wconf 80' lang='lat' dir='ltr'>a</span> <span class='ocrx_word' id='word_1_254' title='bbox 251 2321 531 2354; x_wconf 69' lang='lat' dir='ltr'>chamaeleonte</span> <span class='ocrx_word' id='word_1_255' title='bbox 557 2319 727 2363; x_wconf 81' lang='lat' dir='ltr'>petitam:</span> <span class='ocrx_word' id='word_1_256' title='bbox 761 2315 819 2351; x_wconf 71' lang='grc' dir='ltr'>διὰ</span> <span class='ocrx_word' id='word_1_257' title='bbox 846 2315 885 2350; x_wconf 79' lang='grc' dir='ltr'>τὸ</span> <span class='ocrx_word' id='word_1_258' title='bbox 914 2321 1110 2362; x_wconf 66' lang='grc' dir='ltr'><em>τρυφερῶς</em></span> <span class='ocrx_word' id='word_1_259' title='bbox 1140 2321 1294 2363; x_wconf 68' lang='grc' dir='ltr'>βιοῖ-ιτα</span> <span class='ocrx_word' id='word_1_260' title='bbox 1324 2316 1523 2363; x_wconf 67' lang='grc' dir='ltr'><em>περιφέρε-</em></span> 
     </span>
     <span class='ocr_line' id='line_1_32' title="bbox 49 2371 1518 2420; baseline -0.003 -9"><span class='ocrx_word' id='word_1_261' title='bbox 49 2379 139 2412; x_wconf 71' lang='grc' dir='ltr'>σθαι</span> <span class='ocrx_word' id='word_1_262' title='bbox 174 2374 235 2412; x_wconf 77' lang='grc' dir='ltr'>ἐπὶ</span> <span class='ocrx_word' id='word_1_263' title='bbox 267 2376 404 2420; x_wconf 75' lang='grc' dir='ltr'><em>κλίνης.</em></span> <span class='ocrx_word' id='word_1_264' title='bbox 453 2376 608 2410; x_wconf 86' lang='lat' dir='ltr'>Videtur</span> <span class='ocrx_word' id='word_1_265' title='bbox 639 2375 834 2409; x_wconf 76' lang='lat' dir='ltr'>Anacreon</span> <span class='ocrx_word' id='word_1_266' title='bbox 870 2385 980 2408; x_wconf 86' lang='lat' dir='ltr'>sensu</span> <span class='ocrx_word' id='word_1_267' title='bbox 1013 2376 1119 2409; x_wconf 84' lang='lat' dir='ltr'>etiam</span> <span class='ocrx_word' id='word_1_268' title='bbox 1151 2376 1297 2418; x_wconf 87' lang='lat' dir='ltr'>proprio</span> <span class='ocrx_word' id='word_1_269' title='bbox 1329 2375 1464 2409; x_wconf 82' lang='lat' dir='ltr'>dixisse</span> <span class='ocrx_word' id='word_1_270' title='bbox 1500 2371 1518 2407; x_wconf 71' lang='grc' dir='ltr'>ὁ</span> 
     </span>
     <span class='ocr_line' id='line_1_33' title="bbox 47 2428 1522 2478; baseline -0.001 -11"><span class='ocrx_word' id='word_1_271' title='bbox 47 2430 308 2478; x_wconf 72' lang='grc' dir='ltr'><em>περιφόρητος</em></span> <span class='ocrx_word' id='word_1_272' title='bbox 330 2428 511 2477; x_wconf 58' lang='grc' dir='ltr'>,Ἀρτέμων</span> <span class='ocrx_word' id='word_1_273' title='bbox 536 2433 580 2466; x_wconf 88' lang='lat' dir='ltr'>de</span> <span class='ocrx_word' id='word_1_274' title='bbox 598 2430 811 2473; x_wconf 81' lang='lat' dir='ltr'>Artemone,</span> <span class='ocrx_word' id='word_1_275' title='bbox 837 2432 909 2474; x_wconf 73' lang='lat' dir='ltr'>qui⁷</span> <span class='ocrx_word' id='word_1_276' title='bbox 935 2441 1015 2464; x_wconf 86' lang='lat' dir='ltr'>cum</span> <span class='ocrx_word' id='word_1_277' title='bbox 1034 2436 1139 2465; x_wconf 82' lang='lat' dir='ltr'>antea</span> <span class='ocrx_word' id='word_1_278' title='bbox 1157 2432 1356 2465; x_wconf 87' lang='lat' dir='ltr'>miserrimo</span> <span class='ocrx_word' id='word_1_279' title='bbox 1375 2432 1522 2465; x_wconf 84' lang='lat' dir='ltr'>vivendi</span> 
     </span>
     <span class='ocr_line' id='line_1_34' title="bbox 44 2487 1520 2532; baseline 0 -9"><span class='ocrx_word' id='word_1_280' title='bbox 44 2490 151 2523; x_wconf 88' lang='lat' dir='ltr'>modo</span> <span class='ocrx_word' id='word_1_281' title='bbox 177 2494 356 2531; x_wconf 82' lang='lat' dir='ltr'>uteretur,</span> <span class='ocrx_word' id='word_1_282' title='bbox 382 2494 520 2522; x_wconf 83' lang='lat' dir='ltr'>mutata</span> <span class='ocrx_word' id='word_1_283' title='bbox 538 2489 683 2522; x_wconf 79' lang='lat' dir='ltr'>fortuna</span> <span class='ocrx_word' id='word_1_284' title='bbox 708 2488 778 2521; x_wconf 88' lang='lat' dir='ltr'>nisi</span> <span class='ocrx_word' id='word_1_285' title='bbox 804 2487 983 2521; x_wconf 84' lang='lat' dir='ltr'>curriculo</span> <span class='ocrx_word' id='word_1_286' title='bbox 1009 2492 1071 2520; x_wconf 82' lang='lat' dir='ltr'>aut</span> <span class='ocrx_word' id='word_1_287' title='bbox 1096 2488 1226 2521; x_wconf 85' lang='lat' dir='ltr'>lectica</span> <span class='ocrx_word' id='word_1_288' title='bbox 1243 2494 1371 2521; x_wconf 79' lang='lat' dir='ltr'>vectus</span> <span class='ocrx_word' id='word_1_289' title='bbox 1396 2488 1431 2521; x_wconf 90' lang='lat' dir='ltr'>in</span> <span class='ocrx_word' id='word_1_290' title='bbox 1459 2499 1520 2532; x_wconf 92' lang='lat' dir='ltr'>pu-</span> 
     </span>
     <span class='ocr_line' id='line_1_35' title="bbox 45 2541 1522 2589; baseline -0.002 -10"><span class='ocrx_word' id='word_1_291' title='bbox 45 2546 178 2579; x_wconf 84' lang='lat' dir='ltr'>blicum</span> <span class='ocrx_word' id='word_1_292' title='bbox 204 2556 275 2579; x_wconf 89' lang='lat' dir='ltr'>non</span> <span class='ocrx_word' id='word_1_293' title='bbox 300 2545 478 2589; x_wconf 77' lang='lat' dir='ltr'>prodiret3</span> <span class='ocrx_word' id='word_1_294' title='bbox 505 2545 636 2578; x_wconf 87' lang='lat' dir='ltr'>deinde</span> <span class='ocrx_word' id='word_1_295' title='bbox 661 2542 753 2577; x_wconf 82' lang='lat' dir='ltr'>forte</span> <span class='ocrx_word' id='word_1_296' title='bbox 771 2543 906 2576; x_wconf 79' lang='lat' dir='ltr'>accidit</span> <span class='ocrx_word' id='word_1_297' title='bbox 932 2547 971 2576; x_wconf 84' lang='lat' dir='ltr'>ut-</span> <span class='ocrx_word' id='word_1_298' title='bbox 996 2541 1123 2577; x_wconf 78' lang='lat' dir='ltr'>artifex</span> <span class='ocrx_word' id='word_1_299' title='bbox 1144 2542 1319 2577; x_wconf 83' lang='lat' dir='ltr'>Artemon</span> <span class='ocrx_word' id='word_1_300' title='bbox 1348 2548 1384 2577; x_wconf 86' lang='lat' dir='ltr'>et</span> <span class='ocrx_word' id='word_1_301' title='bbox 1408 2544 1522 2586; x_wconf 82' lang='lat' dir='ltr'>gloria</span> 
     </span>
     <span class='ocr_line' id='line_1_36' title="bbox 44 2598 1522 2645; baseline -0.002 -10"><span class='ocrx_word' id='word_1_302' title='bbox 44 2601 240 2635; x_wconf 84' lang='lat' dir='ltr'>excelleret</span> <span class='ocrx_word' id='word_1_303' title='bbox 270 2606 308 2634; x_wconf 85' lang='lat' dir='ltr'>et</span> <span class='ocrx_word' id='word_1_304' title='bbox 332 2601 417 2645; x_wconf 83' lang='lat' dir='ltr'>quia</span> <span class='ocrx_word' id='word_1_305' title='bbox 442 2601 537 2645; x_wconf 87' lang='lat' dir='ltr'>pede</span> <span class='ocrx_word' id='word_1_306' title='bbox 562 2601 714 2634; x_wconf 82' lang='lat' dir='ltr'>claudus</span> <span class='ocrx_word' id='word_1_307' title='bbox 740 2605 816 2633; x_wconf 79' lang='lat' dir='ltr'>erat</span> <span class='ocrx_word' id='word_1_308' title='bbox 842 2600 931 2633; x_wconf 83' lang='lat' dir='ltr'>sella</span> <span class='ocrx_word' id='word_1_309' title='bbox 956 2598 1260 2640; x_wconf 77' lang='lat' dir='ltr'>circumferretur,</span> <span class='ocrx_word' id='word_1_310' title='bbox 1294 2610 1365 2642; x_wconf 84' lang='lat' dir='ltr'>qua</span> <span class='ocrx_word' id='word_1_311' title='bbox 1391 2610 1427 2633; x_wconf 91' lang='lat' dir='ltr'>re</span> <span class='ocrx_word' id='word_1_312' title='bbox 1452 2598 1522 2633; x_wconf 79' lang='lat' dir='ltr'>fac-</span> 
     </span>
     <span class='ocr_line' id='line_1_37' title="bbox 44 2655 1519 2699; baseline -0.001 -9"><span class='ocrx_word' id='word_1_313' title='bbox 44 2662 118 2691; x_wconf 77' lang='lat' dir='ltr'>tum</span> <span class='ocrx_word' id='word_1_314' title='bbox 146 2661 212 2698; x_wconf 87' lang='lat' dir='ltr'>est,</span> <span class='ocrx_word' id='word_1_315' title='bbox 247 2661 286 2691; x_wconf 91' lang='lat' dir='ltr'>ut</span> <span class='ocrx_word' id='word_1_316' title='bbox 314 2667 488 2691; x_wconf 88' lang='lat' dir='ltr'>memores</span> <span class='ocrx_word' id='word_1_317' title='bbox 515 2657 604 2691; x_wconf 86' lang='lat' dir='ltr'>dicti</span> <span class='ocrx_word' id='word_1_318' title='bbox 631 2656 876 2690; x_wconf 77' lang='lat' dir='ltr'>Anacreontis</span> <span class='ocrx_word' id='word_1_319' title='bbox 903 2655 1067 2690; x_wconf 86' lang='lat' dir='ltr'>homines</span> <span class='ocrx_word' id='word_1_320' title='bbox 1098 2656 1178 2690; x_wconf 89' lang='lat' dir='ltr'>ioco</span> <span class='ocrx_word' id='word_1_321' title='bbox 1211 2656 1364 2699; x_wconf 84' lang='lat' dir='ltr'>quodam</span> <span class='ocrx_word' id='word_1_322' title='bbox 1399 2666 1519 2699; x_wconf 80' lang='lat' dir='ltr'>quan]-</span> 
     </span>
     <span class='ocr_line' id='line_1_38' title="bbox 44 2709 1519 2757; baseline -0.002 -10"><span class='ocrx_word' id='word_1_323' title='bbox 44 2724 151 2757; x_wconf 78' lang='lat' dir='ltr'>quam</span> <span class='ocrx_word' id='word_1_324' title='bbox 176 2713 246 2746; x_wconf 81' lang='lat' dir='ltr'>alio</span> <span class='ocrx_word' id='word_1_325' title='bbox 264 2723 374 2747; x_wconf 86' lang='lat' dir='ltr'>sensu</span> <span class='ocrx_word' id='word_1_326' title='bbox 401 2712 433 2746; x_wconf 85' lang='lat' dir='ltr'>ei</span> <span class='ocrx_word' id='word_1_327' title='bbox 451 2723 582 2747; x_wconf 90' lang='lat' dir='ltr'>nomen</span> <span class='ocrx_word' id='word_1_328' title='bbox 601 2709 858 2756; x_wconf 59' lang='lat' dir='ltr'>mpchdyqrog</span> <span class='ocrx_word' id='word_1_329' title='bbox 880 2711 1087 2745; x_wconf 76' lang='lat' dir='ltr'>indiderint.</span> <span class='ocrx_word' id='word_1_330' title='bbox 1137 2714 1305 2746; x_wconf 77' lang='lat' dir='ltr'>Ceterum</span> <span class='ocrx_word' id='word_1_331' title='bbox 1332 2712 1376 2745; x_wconf 88' lang='lat' dir='ltr'>de</span> <span class='ocrx_word' id='word_1_332' title='bbox 1394 2712 1519 2746; x_wconf 86' lang='lat' dir='ltr'>eodem</span> 
     </span>
     <span class='ocr_line' id='line_1_39' title="bbox 42 2767 1517 2811; baseline -0.001 -8"><span class='ocrx_word' id='word_1_333' title='bbox 42 2768 245 2804; x_wconf 86' lang='lat' dir='ltr'>Artemone</span> <span class='ocrx_word' id='word_1_334' title='bbox 271 2767 317 2802; x_wconf 89' lang='lat' dir='ltr'>cf.</span> <span class='ocrx_word' id='word_1_335' title='bbox 343 2769 437 2802; x_wconf 89' lang='lat' dir='ltr'>Plin.</span> <span class='ocrx_word' id='word_1_336' title='bbox 462 2768 505 2802; x_wconf 88' lang='lat' dir='ltr'>H.</span> <span class='ocrx_word' id='word_1_337' title='bbox 528 2769 570 2803; x_wconf 91' lang='lat' dir='ltr'>N.</span> <span class='ocrx_word' id='word_1_338' title='bbox 598 2769 674 2811; x_wconf 84' lang='lat' dir='ltr'>VII,</span> <span class='ocrx_word' id='word_1_339' title='bbox 696 2771 770 2811; x_wconf 74' lang='lat'>202,</span> <span class='ocrx_word' id='word_1_340' title='bbox 796 2767 969 2811; x_wconf 74' lang='lat' dir='ltr'>XXXIV,</span> <span class='ocrx_word' id='word_1_341' title='bbox 994 2771 1051 2809; x_wconf 69' lang='lat'>563</span> <span class='ocrx_word' id='word_1_342' title='bbox 1084 2767 1205 2802; x_wconf 84' lang='lat' dir='ltr'>Wold.</span> <span class='ocrx_word' id='word_1_343' title='bbox 1229 2767 1458 2802; x_wconf 84' lang='lat' dir='ltr'>Ribbeckius</span> <span class='ocrx_word' id='word_1_344' title='bbox 1482 2768 1517 2801; x_wconf 89' lang='lat' dir='ltr'>in</span> 
     </span>
     <span class='ocr_line' id='line_1_40' title="bbox 45 2824 820 2870; baseline -0.001 -10"><span class='ocrx_word' id='word_1_345' title='bbox 45 2826 152 2870; x_wconf 79' lang='lat' dir='ltr'>edit.;</span> <span class='ocrx_word' id='word_1_346' title='bbox 186 2825 381 2860; x_wconf 84' lang='lat' dir='ltr'>Richterus</span> <span class='ocrx_word' id='word_1_347' title='bbox 405 2825 427 2858; x_wconf 94' lang='lat' dir='ltr'>l.</span> <span class='ocrx_word' id='word_1_348' title='bbox 446 2834 488 2868; x_wconf 85' lang='lat' dir='ltr'>a.‚</span> <span class='ocrx_word' id='word_1_349' title='bbox 513 2825 636 2867; x_wconf 76' lang='lat' dir='ltr'>Progr.</span> <span class='ocrx_word' id='word_1_350' title='bbox 656 2824 689 2857; x_wconf 94' lang='grc' dir='ltr'>ΙΙ</span> <span class='ocrx_word' id='word_1_351' title='bbox 717 2835 750 2868; x_wconf 85' lang='lat' dir='ltr'>p.</span> <span class='ocrx_word' id='word_1_352' title='bbox 772 2828 820 2859; x_wconf 74' lang='lat'>14.</span> 
     </span>
    </p>
   </div>
  </div>
 </body>
</html>
