1815 3231
1462 194 1484 224 8
1491 196 1511 225 ἴ)

38 301 67 340 μ
95 293 176 331 434
216 281 319 328 οὐὸέ
357 303 417 340 πῃ
460 284 576 341 εἶχον
609 288 614 342 l
648 284 747 329 οὔτι
791 292 982 345 στηρίξαι
1025 296 1155 335 ποσὶν
1196 300 1290 338 «lat.
1323 302 1513 340 iustruni.l

40 352 232 408 ἔμπεδοιν
263 348 359 395 οὔτ’
391 354 593 408 ἐπιβῆναι
628 362 880 410 conspicitur,
926 364 959 400 in
995 367 1159 403 activum
1194 368 1404 417 irrepserit,
1450 370 1510 405 vix

39 425 164 463 dirimi
207 427 352 475 potest;
404 425 569 464 fortasse
611 439 657 464 ca
698 432 757 466 est
797 441 844 466 cx
882 431 1061 480 analogia
1093 434 1271 471 similium
1306 436 1509 473 verborum

40 495 245 542 utramque
278 493 353 530 vim
387 493 611 532 habentium
646 498 731 532 orta
765 497 825 533 vel
859 497 958 545 inde,
989 499 1091 547 quod
1126 500 1368 538 intransitIva
1400 503 1510 540 lucilii

38 561 96 598 vis
127 561 165 598 in
198 560 369 600 activum
402 562 597 599 translata
629 566 696 600 est.
757 564 873 612 Apud
908 570 1082 613 posteros
1113 571 1147 604 et
1181 572 1313 616 pinitus
1335 570 1397 609 (cs.
1422 571 1512 607 Eur.

39 627 181 666 Bacch.
210 631 308 678 972;
350 629 469 678 Hipp.
500 629 622 675 1207)
665 634 703 668 et
740 632 941 679 prosaicos
979 634 1135 671 verbum
1183 635 1425 685 (plerumque
1464 638 1510 674 (lv,

38 696 172 735 morbo
205 697 242 734 in
276 697 451 746 corporis
483 702 633 746 partem
667 699 838 748 aliquam
872 701 1119 740 incumbente
1163 703 1352 741 ef.'1‘liuc.
1377 705 1418 741 ll.
1443 708 1509 743 49»

37 765 283 803 intransitive
314 777 398 803 esse
432 768 662 815 usurpatum
695 767 921 815 reperimus.

680 885 721 928 2.
773 884 881 939 ἔχω.

149 969 320 1008 Tantum
366 968 468 1007 duae
509 969 598 1007 illae
640 969 861 1019 singulares
892 970 1195 1019 significationes
1227 976 1263 1008 et
1295 972 1506 1010 obsistendi

35 1035 330 1085 (Standhalten)
372 1040 411 1076 et
451 1049 492 1075 se
535 1037 704 1075 habendi
744 1038 842 1080 (sich
876 1037 1106 1087 vcrhaltcn),
1151 1052 1249 1087 quac
1281 1043 1386 1077 orlac
1419 1046 1506 1077 sunt

36 1118 83 1144 ex
115 1105 294 1144 absoluto
328 1117 412 1154 usu,
448 1105 486 1143 in
520 1106 622 1143 hanc
653 1105 937 1143 dissertationis
969 1109 1116 1155 partem
1149 1106 1376 1144 referendae
1409 1112 1508 1145 sunt.

35 1172 112 1211 Sed
144 1172 194 1211 de
225 1173 281 1212 eis
312 1173 386 1211 iam
419 1185 539 1222 supra
571 1174 644 1211 sub
677 1167 761 1222 ἔχω
793 1173 888 1211 satis
919 1186 1115 1223 superque
1148 1174 1290 1212 dictum
1323 1180 1391 1212 est.

457 1293 499 1336 3.
552 1290 749 1347 ἰσχάνει)
781 1300 824 1335 et
855 1290 1091 1347 ἰσχανάω.

148 1376 316 1426 Utrique
358 1376 479 1414 verbo
523 1376 657 1415 subest
697 1376 857 1415 verbum
897 1371 1014 1425 ἴσχω,
1061 1390 1081 1414 e
1113 1389 1189 1426 quo
1222 1377 1331 1414 novis
1361 1377 1509 1414 suffixis

36 1443 201 1483 adnexis
242 1436 407 1493 ἰσχάνει)
449 1446 487 1482 et
526 1435 718 1493 ἰσχανάω
757 1447 842 1481 orta
880 1447 979 1482 sunt.
1042 1444 1208 1482 Verbum
1242 1439 1344 1493 ἴσχω
1382 1445 1505 1493 ipsum

36 1512 183 1551 recedit
214 1511 262 1549 ad
294 1511 495 1561 antiquius
527 1506 698 1561 *σίσχω,
731 1511 836 1560 quod
865 1525 885 1549 e
913 1511 1042 1549 radice
1065 1519 1135 1560 σεχ
1157 1510 1220 1557 (cf.
1242 1504 1338 1560 ἔχω)
1360 1511 1508 1560 syllaba

34 1579 176 1618 radicis
222 1579 426 1629 duplicata
470 1581 604 1617 natum
651 1582 721 1618 est.
796 1579 842 1616 of.
879 1579 922 1617 G.
954 1580 1110 1627 Meyer„
1150 1591 1206 1627 gr.
1243 1578 1325 1616 Gr.2
1367 1578 1504 1620 §5001

34 1648 78 1686 L.
108 1648 268 1697 Meyer„
307 1647 384 1696 vgl.
416 1646 501 1685 Gr.2
532 1647 560 1693 I,
583 1648 681 1696 9283
733 1646 837 1685 Curt.
882 1644 1014 1684 Verb.²
1052 1646 1087 1695 Ι,
1110 1649 1199 1684 255.
1268 1646 1324 1683 De
1369 1645 1507 1683 forma·

34 1716 140 1755 tione
171 1728 306 1754 eorum
338 1715 561 1764 verborum,
592 1727 694 1764 quae
727 1713 873 1752 cadunt
903 1713 941 1751 in
972 1705 1097 1759 -άνω,
1129 1713 1308 1751 conferas
1335 1712 1506 1750 adnotat.

34 1796 158 1823 meam
190 1783 238 1822 ad
271 1776 408 1833 ἱζάνω
440 1783 581 1822 datam.
641 1783 765 1821 Etiam
799 1783 860 1819 hic
892 1782 1037 1831 pariter
1067 1785 1185 1830 atque
1213 1782 1248 1818 in
1278 1780 1405 1818 verbis
1427 1774 1504 1828 ἔξω

33 1855 71 1891 et
101 1844 237 1900 ἱζάνω
268 1851 370 1890 inter
401 1852 563 1890 verbum
597 1846 703 1900 ἴσχω
734 1854 771 1889 et
801 1863 845 1888 ea
887 1850 1017 1899 verba,
1062 1861 1160 1898 quae
1200 1849 1389 1886 secundas
1432 1849 1504 1885 for-

33 1932 115 1958 mas
150 1920 263 1958 novis
303 1919 457 1958 suffixis
498 1918 692 1957 adiunctis
731 1922 835 1957 ortas
866 1919 1179 1967 repraesentant,
1228 1917 1249 1953 i.
1280 1929 1311 1953 e.
1343 1909 1504 1964 Ioffivm

33 1991 73 2027 et
111 1979 306 2038 ἰσχανάω
347 1987 674 2037 significationum
718 1986 938 2024 discrimina
981 1984 1110 2023 nescio
1153 1996 1199 2021 an
1242 1996 1317 2021 non
1357 1983 1506 2032 possint

33 2056 210 2106 reperiri.

146 2116 309 2173 ἰσχάυω
354 2126 393 2162 et
429 2113 623 2173 ἰσχανάω
666 2121 785 2159 verba
817 2119 969 2170 poetica
1000 2123 1109 2167 sunt;
1158 2111 1320 2168 ἰσχάιό]
1351 2121 1506 2166 praeter

33 2192 246 2231 Homerum
291 2203 455 2241 perraro
501 2190 718 2238 invenitur,
768 2180 959 2237 ἰσχαυάω
1000 2191 1148 2225 tantum
1190 2187 1226 2224 in
1273 2185 1506 2223 carminibus

33 2259 262 2298 Homericis.

629 2325 665 2350 α.
711 2304 914 2361 ἰσχάνω.

145 2394 180 2429 I·
236 2393 512 2432 Transitive
557 2404 710 2442 semper
755 2391 802 2429 de
847 2389 1027 2428 tenendis
1071 2389 1247 2439 personis
1291 2387 1506 2425 adhibet-ur.

32 2461 233 2500 Facillime
263 2461 347 2500 fieri
378 2462 518 2510 potuit,
550 2463 592 2499 ut
623 2472 708 2498 cum
740 2459 812 2496 hac
844 2457 1001 2496 notione
1033 2458 1260 2505 iungeretur
1290 2456 1394 2493 notio
1417 2455 1505 2491 reti-

33 2528 152 2567 nendi
193 2525 344 2577 53873
383 2528 518 2568 P747
561 2517 699 2577 αὐτὰρ
738 2517 924 2563 ὄπισθεν
958 2520 963 2575 Ι
999 2514 1149 2562 Αἴαντ’
1180 2518 1417 2571 Iolave'rqv,
1449 2512 1505 2563 ὥς

32 2606 79 2633 τε
123 2588 253 2646 πρὼν
296 2588 461 2645 ἰσχάνει
503 2587 641 2644 «ὕδωρ.
716 2594 802 2641 Quo
844 2592 929 2630 loco
972 2603 1097 2640 neque
1138 2602 1222 2627 cum
1263 2588 1405 2627 &eilero
1443 2587 1503 2624 vel

34 2663 238 2713 Ebelingio
276 2659 515 2713 πολεμίους
557 2674 685 2712 neque
727 2673 811 2699 cum
844 2660 983 2697 Faesio
1021 2656 1162 2707 Τρῶας
1198 2654 1503 2694 subaudiendum

34 2735 104 2782 est,
143 2731 213 2771 sed
247 2744 333 2770 cum
366 2731 535 2770 Ameisio
568 2744 588 2770 e
620 2743 679 2767 vv.
714 2732 791 2768 752
824 2731 862 2766 et
894 2730 971 2766 753
1002 2720 1142 2777 μάχην
1180 2717 1349 2775 Τρώων,
1418 2724 1505 2771 lpse

39 2799 195 2854 quidem
237 2799 431 2841 Ameisius
471 2799 647 2848 ambigit,
699 2803 824 2835 utrum
867 2796 1058 2833 obiectum
1099 2786 1239 2843 μάχην
1279 2804 1325 2829 an
1364 2788 1506 2839 Τρῶας
