1815 3231
1483 200 1532 232 553

690 308 729 350 ’7.
774 306 837 349 {NJ
849 326 895 350 (ι).

163 401 257 439 Cum
302 401 339 438 in
380 401 453 439 hoe
492 402 611 439 verbo
655 403 755 439 dnae
796 403 973 441 notiones
1013 404 1164 442 furendi
1205 412 1242 444 ct
1279 408 1536 446 sacrificandi,

51 481 153 518 qnae
187 482 206 505 a
239 481 279 506 se
313 469 429 517 longe
461 469 607 507 distare
640 470 833 511 videntur,
867 472 942 508 sint
975 473 1217 521 commu-tao,
1250 488 1531 524 saepenumero

49 537 294 586 grammatici
335 539 373 574 et
410 537 621 586 etymologi
659 539 695 575 in
735 538 1058 587 disceptationem
1101 547 1300 589 voenrnnt,
1339 545 1530 591 quomodo

49 604 122 642 hae
153 604 253 643 duae
285 604 592 653 significationes
632 606 731 643 inter
763 618 803 642 se
835 607 1081 644 cohaereant.
1142 611 1298 646 (Jnrtins
1340 612 1455 656 igitur
1495 613 1528 649 in

5 712 7 718 ,
49 671 128 709 Em*
152 674 231 710 259
271 684 439 720 cumque
473 675 631 710 secutus
664 669 900 710 Vanii²el<i11s
930 674 1068 722 1‚11‹›7;
1103 678 1183 712 -ll()
1223 676 1318 713 duas
1357 679 1531 714 notiones

47 739 96 777 ad
147 739 310 778 eandem
358 739 526 778 radicem
579 744 778 789 revocant,
834 742 893 778 cni
943 742 1016 778 vim
1064 743 1303 780 vehementis
1357 747 1531 782 motionis·

48 807 279 846 attribuunt.
339 808 451 855 Quae
482 808 542 845 vis
582 807 810 857 principalis
852 822 898 845 ex
939 810 1097 847 istorum
1135 811 1316 859 opinione
1356 813 1531 850 discessit

48 878 86 913 in
125 876 242 914 hasce
282 877 482 914 notiones:
531 873 567 923 1)
611 876 802 921 „bransen
839 898 847 900 -
873 898 885 900 —
921 878 1126 927 el·1·egell“,
1171 878 1210 923 2)
1253 879 1443 923 „rain-hen
1492 904 1496 905 ν

47 943 281 990 rauchern“,
328 943 367 990 3)
410 943 615 994 „opfern“,
657 945 692 981 in
733 945 874 993 quibus
912 945 1032 982 altera
1072 946 1176 983 notio
1215 950 1251 983 et
1283 948 1391 984 tertia
1423 950 1528 986 artis-

47 1011 141 1050 sime
177 1011 281 1049 intei·
311 1023 352 1049 se
391 1024 594 1050 connexae
628 1014 730 1049 sunt.
790 1012 972 1050 Attamen
1008 1026 1083 1050 non
1120 1014 1220 1061 licet,
1258 1016 1406 1063 opinor,
1444 1029 1526 1053 enni

47 1078 122 1116 illis
153 1078 374 1117 hominibus
406 1079 531 1117 doct-is
563 1079 718 1129 regredi
750 1079 799 1116 ad
833 1080 1054 1129 primariam
1085 1081 1157 1117 vim
1192 1085 1266 1117 tani
1300 1084 1529 1129 gener-aloni,

47 1149 90 1184 ut
130 1146 266 1185 eodem
308 1147 391 1185 fere
434 1148 517 1185 iure
559 1159 607 1184 cx
646 1159 692 1185 ea
735 1148 914 1185 notiones
956 1148 1152 1196 currendi,
1194 1149 1343 1195 ruendi,
1387 1150 1527 1187 thu-mli

47 1214 340 1264 multarumque
387 1215 549 1253 aliarum
600 1215 885 1253 vehementium
937 1216 1144 1253 motionum
1196 1215 1334 1253 (lednei
1369 1219 1526 1265 possint·

48 1281 199 1328 Quodsi
244 1281 296 1319 illi
343 1282 552 1331 etymologi
599 1283 850 1332 principalem
899 1283 1094 1321 notionem
1140 1286 1360 1321 statuerunt
1413 1298 1525 1333 qnam

48 1350 214 1388 maxime
237 1350 474 1397 universam,
507 1351 575 1387 illa
605 1351 711 1388 notio
751 1351 840 1387 mihi
874 1355 1068 1399 tamquam
1101 1351 1393 1400 philosophicae
1426 1354 1527 1401 (eogi-

47 1417 205 1456 tationis
237 1430 312 1468 ope
343 1422 490 1457 statuta
522 1430 608 1457 esse
640 1418 808 1467 videtur,
846 1422 887 1456 ut
924 1419 995 1456 snb
1033 1419 1103 1456 hac
1136 1418 1313 1457 diversae
1352 1421 1527 1457 notiones

48 1485 200 1536 possint
230 1487 385 1525 assumi.

159 1564 425 1615 Quapropter,
468 1565 499 1602 si
545 1564 724 1603 notiones
767 1576 814 1602 ex
858 1577 934 1602 una
977 1564 1168 1602 communi
1209 1565 1244 1601 vi
1290 1563 1525 1603 derivandae

47 1635 150 1682 sunt,
181 1632 302 1670 multo
335 1632 554 1682 praestabit
584 1632 635 1670 ad
668 1632 926 1681 antiquiorem
959 1632 1060 1669 illam
1092 1631 1396 1680 explicationem,
1428 1644 1527 1681 qnae

48 1703 176 1738 exstat
213 1701 251 1738 in
284 1700 463 1738 Passovii
501 1700 639 1746 lexico,
678 1699 818 1737 redire.
881 1700 957 1737 Iste
995 1700 1095 1736 enim
1135 1699 1329 1737 notionem
1367 1699 1526 1737 exarde-

48 1767 183 1806 scendi
215 1770 254 1806 et
283 1768 542 1806 vehementer
573 1767 759 1817 surgendi
797 1767 943 1815 statuit,
984 1779 1061 1815 qua
1098 1766 1189 1804 illae
1222 1765 1320 1803 duae
1351 1768 1526 1804 notiones

48 1836 150 1875 inter
187 1848 228 1874 se
270 1836 519 1885 copulantur.
589 1835 701 1875 Unde
744 1835 942 1873 fluxerunt
979 1835 1143 1882 primum
1186 1834 1291 1871 notio
1330 1835 1526 1871 causativa

49 1903 258 1953 efficiendi,
303 1908 346 1942 ut
391 1903 487 1954 quid
535 1904 778 1952 exardescat,
825 1903 884 1940 vel
927 1900 1178 1939 comburendi
1225 1902 1432 1950 praecipue
1478 1901 1525 1938 ad

47 1983 160 2010 sacra
201 1971 410 2021 translata,
460 1971 603 2010 deinde
648 1970 895 2008 intransitiva
938 1970 1044 2007 notio
1091 1968 1312 2017 generalior
1358 1969 1524 2017 „impetu

48 2038 220 2088 quodam
249 2038 359 2087 ferri,
388 2037 561 2077 furere“.
621 2037 804 2076 Similiter
834 2037 870 2075 in
902 2037 1034 2085 lingua
1056 2036 1195 2073 Latina
1227 2036 1330 2073 notio
1363 2034 1524 2072 ardendi

48 2109 86 2144 et
126 2106 306 2147 fei-vendi
346 2106 394 2145 de
432 2108 522 2156 igne
561 2105 610 2144 ad
649 2105 818 2143 furorem
860 2104 974 2142 animi
1016 2103 1197 2141 concitati
1240 2102 1419 2140 traducta
1457 2106 1523 2140 est.

48 2175 225 2223 Quacum
257 2175 461 2214 notionum
493 2174 729 2213 deductione
765 2172 935 2211 concinit
973 2170 1204 2220 significatio
1241 2170 1437 2207 nominum
1477 2169 1524 2206 ab

48 2242 183 2282 eadem
211 2243 332 2293 stirpe
364 2243 630 2281 derivatorum
660 2233 851 2285 θυιάὸες,
884 2237 1028 2284 θῦσαι,
1060 2231 1286 2282 θυστάὸες,
1318 2237 1354 2275 in
1385 2237 1525 2286 quibus

5 2331 8 2335 Δ
48 2323 124 2349 non
155 2311 282 2349 solum
313 2311 414 2349 inest
446 2312 552 2350 notio
585 2308 776 2357 sacrificii,
807 2307 874 2345 sed
907 2307 1020 2345 etiam
1053 2305 1168 2343 animi
1202 2305 1394 2343 concitati.

166 2391 396 2440 Complures
426 2402 521 2428 vero
559 2389 736 2428 notiones
768 2389 869 2425 inter
900 2399 940 2424 se
972 2386 1174 2424 dissimiles
1211 2397 1258 2422 ex
1291 2396 1367 2421 una
1397 2384 1524 2421 radice

49 2459 242 2509 proficisci
287 2470 406 2508 posse
449 2459 578 2497 elucet
621 2470 641 2496 e
678 2457 800 2494 verbo
838 2448 1016 2506 πρήθω,
1060 2454 1169 2491 cuius
1212 2452 1435 2501 principalis
1468 2452 1524 2488 vis

54 2526 291 2577 „spriihen“,
328 2530 446 2577 prout
482 2526 531 2564 ad
570 2537 710 2574 aquam
749 2527 816 2562 aut
852 2523 899 2560 ad
937 2527 1065 2560 aerem
1105 2524 1170 2559 aut
1205 2520 1253 2557 ad
1285 2520 1410 2568 ignem
1449 2522 1523 2555 tra-

49 2594 168 2634 ducta
205 2598 275 2644 est,
317 2594 499 2633 discurrit
534 2595 571 2632 in
611 2593 790 2631 notiones
828 2589 1050 2628 effundendi
1089 2592 1155 2626 aut
1190 2586 1306 2625 flandi
1343 2592 1409 2623 aut
1446 2598 1523 2623 ere-

49 2662 196 2712 mandi3
226 2661 274 2701 cf.
305 2661 412 2701 Curt.
439 2661 547 2701 Stud.
574 2662 639 2708 IV,
663 2662 742 2699 228
759 2671 816 2708 sq.

163 2742 410 2792 Quamquam
442 2741 620 2780 Passovii
654 2740 718 2778 illa
749 2737 958 2788 explicatio
996 2736 1085 2774 mihi
1117 2734 1271 2785 quidem
1310 2746 1386 2771 non
1417 2745 1522 2782 pror-

53 2821 120 2849 sus
153 2812 258 2850 certa
289 2809 458 2859 videtur,
499 2809 591 2861 quia
628 2820 706 2846 non
744 2806 836 2845 satis
874 2804 1073 2853 intellego,
1113 2815 1191 2854 qua
1220 2802 1282 2839 via
1320 2800 1423 2839 notio
1460 2811 1523 2837 ex-
