1830 3201
276 172 353 208 152

271 281 438 330 videtur,
469 281 563 329 quin
595 279 821 328 Lehrsius1)
860 281 949 319 huic
981 282 1064 319 1000
1104 282 1333 320 medicinam
1365 284 1541 322 attulerit
1579 284 1746 322 delenda

273 349 466 398 particula
504 344 589 396 καί,
632 361 709 398 quo
747 348 851 387 facto
891 350 1020 387 omnia
1057 350 1158 388 bene
1195 362 1234 387 se
1272 350 1416 389 habere
1458 352 1752 390 concedendum

274 419 343 453 est.
409 416 508 453 Nam
541 416 824 455 Wachsmuthii
863 418 1104 465 coniectura,
1146 430 1261 466 quam
1300 430 1383 456 esse
1425 419 1754 469 elegantissimam

274 496 350 521 non
377 495 490 532 negO,
519 496 565 521 ea
581 496 622 521 re
639 483 894 534 improbatur,
924 484 1028 533 quod
1046 484 1204 523 difficile
1220 488 1279 523 est
1301 485 1350 523 ad
1369 486 1658 536 explicandum,
1685 499 1756 524 cur

278 550 489 588 scholiasta
521 563 722 600 exponens
752 552 948 591 Cratetem
972 555 1010 590 et
1030 552 1270 590 Zenodotum
1303 553 1419 602 plane
1440 554 1541 592 idem
1563 553 1756 603 docuisse,

274 621 383 656 tanta
421 619 629 657 verborum
672 620 850 657 ubertate
892 620 974 657 sine
1016 632 1132 658 causa
1174 632 1267 658 usus
1299 621 1357 659 sit.
1420 621 1543 668 Quam
1586 621 1634 660 ob
1675 634 1755 660 rem

274 686 349 724 hoc
380 687 464 724 loco
503 686 733 725 dissensisse
765 688 958 726 Cratetem
991 690 1028 725 et
1058 688 1301 727 Zenodotum
1342 689 1556 727 tenendum
1588 693 1655 739 est,
1692 702 1757 728 ne-

275 768 352 804 que
384 754 598 804 quidquam
639 755 808 804 impedit,
851 756 1060 805 quominus
1093 756 1140 794 de
1170 757 1372 795 Zenodoto
1404 757 1577 806 Ephesio
1613 758 1757 807 cogite-

275 821 410 869 mus2),
453 823 519 872 qui
562 824 605 860 iis
642 824 757 872 locis,
797 823 861 861 ubi
901 836 1118 873 cognomen
1160 837 1237 862 non
1281 824 1456 863 additum
1495 828 1570 873 est,
1611 826 1757 876 quippe

275 890 341 938 qui
382 892 540 939 praeter
572 902 704 928 omnes
742 890 917 929 eiusdem
956 891 1120 929 nominis
1157 892 1431 941 grammaticos
1472 892 1660 943 floruerit,
1699 895 1759 931 est

274 956 576 1006 intellegendus.

387 1025 576 1074 Sequitur
618 1029 660 1063 ut
701 1025 749 1064 de
787 1026 941 1075 scriptis
979 1026 1166 1064 Zenodoti
1205 1027 1410 1076 Mallotae,
1450 1040 1551 1077 quae
1592 1027 1758 1066 dicenda

276 1093 451 1142 habeam,
477 1106 712 1142 expromam.
754 1094 930 1143 Librum,
949 1094 1059 1132 cuius
1082 1095 1224 1132 mentio
1246 1096 1403 1144 saepius
1424 1098 1482 1134 est
1503 1095 1616 1141 facta,
1646 1088 1758 1146 πρὸς

274 1154 329 1197 τὰ
359 1149 435 1197 ὑπ)
454 1150 735 1211 Ἀριστάρχου
758 1151 1034 1211 ἆθξτούμενα
1066 1175 1087 1199 3
1115 1162 1235 1200 Suida
1266 1163 1466 1202 Zenodoto
1489 1163 1756 1202 Alexandrino

277 1228 505 1266 attributum
539 1229 588 1266 ad
610 1229 812 1267 Mallotam
846 1230 1162 1268 transferendum
1193 1242 1278 1269 esse
1312 1232 1495 1280 quoniam
1524 1243 1644 1281 supra
1666 1244 1755 1270 con-

278 1296 486 1346 tendimus,
525 1309 613 1334 num
648 1296 865 1346 reliquiis3)
905 1297 1038 1346 aliqua
1069 1310 1116 1335 ex
1148 1300 1259 1347 parte
1296 1302 1430 1336 nostra
1460 1300 1655 1337 sententia
1686 1298 1757 1336 ful·

277 1364 403 1401 ciatur
437 1365 651 1413 quaeritur.
712 1364 852 1402 Exstat
883 1364 985 1402 inter
1016 1365 1174 1414 scholia,
1205 1379 1307 1414 quae
1339 1366 1622 1416 praemisimus,
1657 1366 1756 1404 illud

274 1423 522 1481 Ζηνόδοτος
554 1426 598 1467 δὲ
630 1420 652 1467 ὁ
683 1424 931 1482 ΆΙαλλώτης
961 1428 1258 1482 προστίθησιν
1287 1424 1438 1484 „dmm
1470 1423 1507 1470 δ’
1529 1423 1754 1484 ὀρχηστύν,

276 1491 412 1548 ἑτέρῳ
448 1495 631 1549 κίθαριν
667 1495 740 1535 καὶ
778 1489 970 1550 ἇοιδὴῑϊῖ,
1009 1513 1086 1548 qua
1122 1500 1170 1538 de
1207 1513 1249 1538 re
1287 1502 1511 1540 Duentzero
1549 1501 1756 1539 disserenti

280 1570 369 1611 „aut
411 1566 525 1604 fallor
565 1573 631 1605 aut
671 1567 896 1605 Zenodotus
934 1568 1114 1606 Mallotes
1154 1568 1279 1606 locum
1320 1581 1338 1607 0
1379 1568 1546 1607 Cratetis
1586 1569 1755 1607 editione

275 1634 444 1672 laudans
485 1635 589 1672 hunc
629 1647 787 1684 quoque
825 1647 980 1673 versum
1020 1648 1042 1672 a
1079 1640 1336 1685 praeceptore
1373 1637 1526 1675 Cratete
1566 1637 1754 1674 insertum

278 1698 405 1750 [quem
439 1702 555 1739 alium
588 1711 744 1740 Versum
776 1703 800 1750 ξ
829 1705 908 1741 246
940 1702 1129 1740 adiecisse
1168 1700 1348 1752 legimus]
1388 1717 1465 1742 non
1503 1702 1755 1749 omise1·at“‘¹)

275 1781 352 1806 non
395 1770 605 1819 assentior,
646 1782 732 1807 nam
776 1782 846 1808 001·
889 1770 1034 1808 Crateti
1076 1771 1189 1809 huius
1229 1783 1369 1809 versus
1409 1771 1754 1821 interpolationem

277 1837 511 1886 imputemus
545 1850 620 1876 non
648 1850 847 1887 assequor,
879 1839 1105 1887 praesertim
1138 1850 1224 1876 cum
1256 1839 1524 1877 huiuscemodi
1556 1839 1650 1877 1111111
1679 1842 1755 1877 tra-

276 1905 397 1942 ditum
430 1906 497 1950 sit3
535 1906 649 1944 immo
681 1918 774 1944 vero
812 1907 1080 1955 quaestionem
1114 1907 1167 1944 ita
1199 1918 1283 1945 esse
1316 1909 1579 1956 comparatam
1616 1906 1756 1944 iudico.

276 1972 501 2010 Perhibitus
534 1977 618 2010 erat
654 1974 691 2011 in
724 1976 837 2022 parte
868 1973 1053 2011 librorum
1092 1986 1207 2012 manu
1239 1974 1472 2024 scriptorum
1511 1974 1574 2012 ille
1606 1985 1756 2023 versus,

276 2052 390 2089 quem
436 2041 708 2079 Aristarchum
759 2042 972 2080 removisse
1019 2043 1225 2080 verisimile
1271 2046 1348 2092 est,
1399 2055 1485 2080 cum
1531 2042 1755 2081 Zenodotus

390 2139 416 2176 l)
450 2136 646 2170 Herodiani
673 2136 812 2180 scripta
836 2137 906 2171 tria
931 2147 1008 2182 em.⁷
1034 2149 1068 2181 p.
1087 2141 1162 2172 270.

277 2236 312 2270 d-
388 2194 416 2233 2)
449 2190 504 2226 Cf.
529 2202 622 2236 quae
648 2193 692 2227 de
718 2192 892 2228 Zenodoti
918 2194 1101 2228 sententia
1133 2194 1169 2227 in
1197 2194 1468 2228 dissertationis
1501 2196 1604 2237 parte
1630 2193 1756 2238 quinta

304 2246 452 2271 leemus.

389 2295 417 2336 3)
449 2293 556 2327 Falso
581 2293 627 2327 ad
652 2293 749 2327 hunc
772 2294 902 2328 librum
928 2294 1113 2329 revocavit
1136 2295 1317 2339 Pluygers
1344 2306 1377 2338 p.
1401 2298 1437 2329 15
1465 2295 1576 2329 schol.
1595 2295 1624 2329 B
1650 2295 1695 2329 ad
1713 2295 1754 2330 Il.

277 2360 301 2381 π
324 2351 381 2382 141
411 2348 614 2382 disserens:
641 2349 761 2390 „Quae
786 2352 906 2383 autem
932 2359 953 2383 a
974 2349 1160 2383 Zenodoto
1185 2349 1231 2383 ad
1256 2349 1508 2384 auctoritatem
1534 2349 1659 2384 horum
1676 2359 1753 2384 ver-

278 2414 381 2437 suum
400 2402 688 2438 labefactandam
714 2405 901 2448 disputata
918 2415 999 2440 esse
1025 2405 1207 2447 dicuntur,
1233 2405 1279 2439 ad
1296 2405 1536 2449 antiquiorem
1554 2405 1754 2449 Ephesium

278 2460 369 2494 trahi
395 2459 456 2493 vix
482 2464 648 2503 possunt.
698 2460 888 2495 Dubitatio
906 2461 1011 2505 enim,
1037 2471 1144 2505 quam
1170 2460 1205 2494 hi
1230 2460 1375 2504 habent,
1401 2472 1473 2495 non
1491 2462 1609 2495 minus
1633 2461 1755 2496 valere

278 2515 425 2550 videtur
449 2515 495 2549 ad
520 2516 780 2559 improbandos
807 2517 845 2551 Il.
865 2529 884 2551 τ
903 2520 978 2551 388.
996 2520 1071 2556 389,
1098 2527 1190 2560 quos
1211 2520 1331 2551 tamen
1357 2516 1539 2561 Ephesius
1556 2516 1755 2551 retinuisse

280 2572 415 2606 diserte
439 2572 475 2605 in
500 2570 612 2606 schol.
638 2572 683 2605 ad
709 2571 741 2606 h.
759 2573 779 2606 l.
806 2573 998 2617 traditur“;
1033 2583 1112 2606 nam
1139 2573 1230 2607 bene
1255 2573 1379 2607 docuit
1404 2573 1591 2608 Duentzer
1614 2584 1648 2617 p.
1667 2576 1707 2607 37
1733 2583 1754 2606 a

279 2628 513 2671 grammatico
539 2627 716 2662 Zenodoti
743 2628 892 2672 Ephesii
917 2628 1093 2663 rationem
1119 2629 1209 2662 male
1234 2628 1471 2672 intellegente
1502 2638 1659 2672 causam,
1689 2638 1754 2663 cur

280 2684 343 2718 hos
368 2694 498 2718 versus
523 2684 667 2728 ineptos
693 2683 862 2718 habuerit
887 2684 955 2718 hoc
980 2685 1068 2728 loco,
1094 2684 1277 2719 inventam
1303 2694 1394 2719 esse.

391 2742 418 2783 4)
449 2750 484 2784 p.
510 2742 562 2774 24.
603 2739 772 2774 Ceterum
798 2739 844 2774 cf.
870 2740 1137 2783 Friedlaender‚
1162 2739 1329 2775 Ariston.
1355 2751 1388 2784 p.
1408 2743 1483 2782 225,
1519 2740 1581 2784 qui
1607 2750 1749 2776 versum

279 2805 300 2830 a
324 2795 508 2830 Zenodoto
533 2794 680 2830 Mallote
705 2794 885 2830 adiectum
911 2804 992 2830 esse
1019 2795 1117 2831 dicit.
