1830 3201
310 194 389 231 394

310 306 346 341 in
378 303 478 340 Plut.
502 302 563 337 vit.
586 299 738 338 Solonis
768 299 923 346 praeter
944 294 1097 332 Solonis
1119 293 1302 342 carmina,
1333 292 1489 342 Didymi
1517 292 1656 330 librum
1679 287 1778 342 περὶ

308 368 400 407 τῶν
441 360 611 416 ἀξόνων
651 362 743 401 τῶν
782 356 991 407 Σόλωνος
1031 351 1261 411 ἀναγραφὴ
1300 351 1411 410 πρὸς
1451 349 1779 410 Ἀσκληπιάδην,

310 450 422 487 quem
455 434 686 473 Plutarchus
717 433 798 481 ipse
831 431 964 468 laudat
994 429 1032 467 in
1065 442 1148 477 cap.
1178 429 1195 466 I
1234 431 1271 466 et
1302 427 1505 476 Hermippi
1537 426 1781 476 peripatetici

309 501 429 553 βίους
451 498 756 552 (νομοθετῶν),
789 499 855 548 qui
876 498 974 535 liber
1002 499 1327 535 commemoratur
1358 496 1395 532 in
1429 507 1512 544 cap.
1534 494 1599 532 XI.
1658 494 1781 541 Quam

311 572 538 610 senteutiam
572 563 899 617 Begemannusffl)
932 564 1030 603 adeo
1063 563 1252 614 probavit,
1285 567 1327 601 ut
1349 562 1505 611 singula
1528 561 1656 611 capita
1687 562 1783 599 Her-

311 640 440 687 mippo
455 640 493 675 et
507 635 673 684 Didymo
691 634 892 677 tribueret,
915 645 998 681 cap.
1020 634 1080 680 17,
1101 633 1150 669 18
1167 650 1222 656 -
1237 632 1434 680 μετεῖχον
1452 626 1527 679 τῆς
1546 623 1784 672 πολιτείας,

315 708 473 744 19-26
505 706 586 741 tota
617 715 639 740 a
661 701 828 750 Didymo
859 698 1084 749 dependere
1116 700 1224 736 ratus
1257 697 1322 746 qui
1354 699 1577 745 assumptus
1610 697 1714 733 esset
1745 695 1782 732 in

312 786 393 822 cap.
419 776 452 818 1,
476 775 537 819 11,
561 773 622 818 14,
646 772 706 816 15,
729 772 791 813 31,
815 770 878 807 32.
938 766 1012 805 Sed
1044 768 1207 815 apparet
1243 777 1321 802 non
1359 766 1436 801 tam
1472 765 1652 801 accurate
1690 761 1783 811 quid

311 841 500 888 cuiusque
540 839 589 876 sit
625 848 740 887 posse
781 835 960 883 discerni,
1000 837 1042 871 ut
1081 834 1165 882 ipse
1208 831 1387 869 concedit
1427 843 1458 868 c.
1489 834 1536 868 11
1577 830 1784 879 Didymum

312 910 549 955 assumptum
574 917 669 953 esse,
700 916 778 952 quo
801 903 928 951 capite
962 901 1200 949 Hermippus
1228 911 1385 949 quoque
1417 898 1648 936 nominatur.
1706 897 1784 934 Iam

312 987 397 1012 cum
430 973 641 1011 viderimus
671 971 902 1009 artissimam
941 970 1041 1006 iuter
1073 967 1273 1005 Plutarchi
1307 969 1345 1004 et
1376 965 1512 1003 scholii
1546 964 1787 1002 narrationes

316 1041 650 1086 necessitudinem,
682 1050 848 1088 cumque
880 1037 1047 1074 sciamus
1079 1035 1288 1084 Didymum
1321 1037 1359 1071 et
1381 1032 1657 1081 Aristophanis
1679 1031 1786 1083 fabu-

315 1110 358 1147 lis
389 1106 692 1157 interpretandis
723 1105 924 1142 maximam
958 1115 1114 1152 operam
1148 1103 1353 1140 navavisse
1384 1104 1421 1138 et
1450 1099 1489 1137 in
1521 1098 1675 1137 Solonis
1706 1098 1787 1135 vita

313 1177 531 1214 luculenter
562 1187 644 1212 esse
678 1173 903 1219 adhibitum,
933 1171 1015 1208 fere
1039 1170 1226 1218 cogimur,
1257 1173 1298 1206 ut
1326 1167 1415 1206 inde
1439 1165 1718 1205 concludamus
1750 1167 1787 1202 et

313 1243 511 1281 Plutarchi
544 1242 616 1280 Sol.
644 1241 716 1278 XII
755 1243 792 1277 et
829 1239 947 1276 schol.
976 1240 991 1276 I
1025 1239 1122 1286 Equ.
1149 1239 1228 1275 445
1268 1248 1287 1273 e
1326 1235 1493 1284 Didymo
1531 1233 1617 1271 stilo
1655 1236 1786 1270 natum

315 1323 409 1358 esse,
440 1311 504 1359 qui
536 1309 639 1347 unde
672 1320 741 1345 sua
773 1320 818 1344 cx
852 1310 963 1356 parte
994 1305 1177 1349 hauserit,
1210 1303 1283 1341 dici
1316 1303 1464 1351 nequit.

428 1378 604 1425 Denique
636 1375 728 1413 satis
749 1374 872 1411 habeo
905 1372 1196 1410 commemorari
1230 1371 1291 1407 hic
1322 1370 1396 1407 tria
1417 1369 1517 1406 Plut.
1542 1370 1620 1406 180
1643 1367 1788 1404 scholia

315 1446 361 1482 ad
385 1445 629 1482 Timotheum
653 1442 888 1492 pertinentia
910 1438 974 1489 (cs.
996 1439 1101 1479 Suid.
1123 1452 1151 1476 s.
1174 1451 1210 1475 v.
1236 1430 1475 1487 Τιμόθεος),
1496 1448 1595 1485 quae
1617 1435 1788 1472 narratio

317 1516 354 1550 et
384 1513 420 1549 iu
444 1511 599 1549 scholiis
621 1513 658 1548 et
680 1510 728 1547 ab
751 1509 946 1546 historicis
968 1520 1086 1557 saepe
1109 1502 1343 1555 expositam)
1375 1508 1482 1542 certo
1509 1502 1605 1540 fonti
1634 1501 1789 1539 attribui

318 1579 472 1617 omniuo
505 1591 580 1616 nou
613 1580 753 1627 potest.

433 1688 474 1725 ¹⁷)
505 1686 559 1719 Cf.
587 1685 639 1718 De
665 1684 735 1718 Sol.
754 1684 847 1717 Plut.
866 1681 1042 1723 fontibus,
1068 1681 1305 1721 Bonn.1sci;
1331 1677 1375 1712 cf.
1402 1689 1436 1721 p.
1454 1680 1506 1711 41.

436 1744 475 1778 18)
508 1740 561 1775 Cf.
587 1741 828 1781 Quaestiones
855 1739 1047 1771 Soloneae:
1075 1736 1089 1769 l
1115 1736 1201 1770 diss.
1221 1735 1381 1777 Gotting.
1405 1737 1499 1768 1875.

436 1800 476 1840 l⁹)
510 1796 563 1831 (if.
591 1796 849 1836 Rehdantzius,
874 1795 895 1828 l.
913 1804 943 1828 a.
970 1805 1004 1838 p.
1022 1797 1074 1836 48,
1098 1796 1167 1826 19⁰.
