1830 3201
299 186 375 221 158

299 306 383 332 esse
414 293 611 331 iudicavit.
672 293 845 340 Quarum
870 294 1183 332 emendationum
1216 293 1359 331 nullam
1383 293 1475 330 mihi
1496 293 1653 343 placere
1677 293 1778 344 dico,

299 362 370 399 etsi
400 361 516 398 facile
548 361 715 398 incurris
754 362 793 398 in
825 373 907 399 eam
940 362 1185 410 sententiam,
1224 363 1267 399 ut
1295 360 1538 399 Zenodotum
1568 361 1778 406 Mallotam,

299 441 414 477 quem
446 427 652 465 tractando
683 428 793 466 Arati
826 428 989 466 carmini
1030 441 1188 478 operam
1218 439 1386 466 navasse
1427 428 1607 478 vidimus,
1645 431 1778 468 nostro

301 507 459 545 quoque
482 495 568 533 loco
592 496 720 533 afferri
751 496 819 533 tibi
850 495 1103 545 persuadeas.
1162 496 1343 534 Attamen
1367 495 1462 533 nihil
1483 495 1654 545 impedit,
1685 509 1778 545 quo-

300 564 428 601 minus
452 575 539 600 cum
562 561 782 601 Schradero
798 562 824 609 ¹)
847 563 1089 601 Zenodotum
1114 563 1293 601 Aetolum
1316 563 1509 601 exstitisse
1535 568 1780 607 censeamus3

302 643 389 668 nam
432 634 470 668 et
506 642 722 678 cognomen
761 630 889 668 Aetoli
927 630 1023 667 nihil
1060 630 1206 669 habere
1247 631 1475 668 offensionis
1513 631 1706 669 concedes
1743 636 1782 671 et

301 698 541 736 Zenodotum
573 698 786 747 Mallotam,
824 698 991 736 Cratetis
1023 700 1062 736 et
1092 699 1302 736 stoicorum
1335 698 1568 736 sententiam
1606 702 1781 738 secutum

302 768 432 805 lovem
466 766 684 803 naturalem
716 765 956 803 intellexisse
995 766 1242 803 verisimilius
1274 768 1334 803 est
1364 777 1479 814 quam
1511 765 1781 814 fabulosum.2)

414 845 543 893 Falso,
574 847 617 881 ut
648 843 739 881 mihi
762 843 929 889 videtur,
962 842 1265 894 Kiesslingiusss)
1298 844 1335 882 in
1367 843 1502 882 iisdem
1531 845 1687 883 scholiis
1717 847 1782 884 Ze-

303 913 437 950 nodoti
468 923 609 950 nomen
644 913 766 949 latere
798 912 1018 960 suspicatus
1051 914 1119 950 est.
1180 911 1266 959 Quo
1298 911 1347 949 de
1378 908 1506 958 10004)
1540 916 1582 951 ut
1610 913 1782 952 iudicare

304 981 506 1029 possimus7
528 980 652 1017 verba
674 979 913 1016 scholiorum
931 980 1212 1018 Basileensium
1234 980 1282 1017 ab
1304 980 1430 1017 altera
1451 983 1573 1029 parte,
1593 980 1783 1019 Strozzia-

304 1060 441 1085 norum
474 1049 511 1084 et
542 1046 939 1095 Sangermanensium
972 1046 1020 1083 ab
1051 1047 1173 1084 altera
1205 1049 1317 1095 parte
1349 1047 1491 1084 afferre
1522 1047 1653 1084 liceat:

495 1125 646 1162 Schol.
678 1125 822 1162 Basil.
1126 1125 1474 1163 Scliol.Strozz.
1502 1125 1738 1174 Sangerm.

306 1198 343 1231 et
373 1191 695 1242 philosophorum
729 1192 886 1240 quidem
925 1193 1009 1240 plu·
1050 1211 1051 1233 ;

306 1261 389 1298 rimi
424 1259 613 1298 naturalis
646 1259 756 1296 aiunt
788 1271 875 1296 eum
907 1259 1010 1296 Iovis

306 1328 539 1375 meminisse,
567 1326 704 1364 Crates
727 1330 856 1364 autem
878 1327 1009 1364 Iovem

307 1395 453 1432 dictum
486 1394 636 1431 caelum
660 1394 883 1430 invocatum
917 1406 1009 1431 vero

307 1463 444 1500 merito
467 1466 596 1499 aerem
620 1464 657 1498 et
680 1460 876 1498 aetherem
905 1461 1008 1508 quod

308 1531 344 1567 in
369 1529 428 1566 his
457 1530 534 1566 sint
556 1528 697 1566 sidera.
730 1531 767 1565 et
799 1529 1008 1565 Homerum

308 1599 438 1635 Iovem
480 1596 626 1634 dixisse
663 1597 701 1632 in
735 1595 869 1644 aliqua
900 1599 1011 1644 parte

309 1665 456 1702 caelum
489 1652 549 1708 (ὃς
572 1652 609 1699 δ’
628 1652 700 1700 ὅτε
721 1666 921 1711 ταρφεῖαι
946 1673 1012 1699 νε-

309 1729 437 1780 φέλαι.
485 1724 584 1776 Διὸς
635 1725 923 1767 ἐκποτέονται
975 1734 1012 1767 et

308 1801 435 1850 ipsum
458 1800 622 1837 Aratum
654 1788 792 1848 αὐτὰρ
821 1786 1013 1842 ὁἽππος

309 1863 357 1905 ἐν
401 1861 501 1912 Διὸς
545 1861 740 1912 εἱλεῖται,
787 1878 873 1903 cum
919 1865 1013 1903 dicit

309 1936 536 1974 Herodotus
574 1936 704 1972 Iovem
744 1933 891 1972 dictum
929 1945 1013 1971 esse
1054 1936 1055 1958 ³

309 2009 401 2042 aera
451 2007 490 2041 et
534 2003 651 2042 Orate
705 2002 877 2040 eiusdem
929 2013 1014 2039 esse
1054 2008 1055 2051 j

1092 1195 1130 1230 et
1167 1192 1389 1241 philosophi
1431 1192 1588 1241 quidem
1629 1194 1784 1243 plurimi

1092 1260 1285 1297 naturalis
1317 1260 1426 1297 aiunt
1457 1271 1544 1296 eum
1577 1261 1680 1299 Iovis
1710 1273 1785 1299 me-

1093 1327 1264 1376 minisse,
1275 1326 1458 1364 Socrates
1467 1323 1497 1374 ⁵)
1513 1330 1640 1365 autem
1655 1329 1786 1367 Iovem

1095 1394 1238 1431 dictum
1269 1394 1416 1431 caelum
1439 1394 1662 1432 invocatum
1692 1408 1786 1433 vero

1051 1481 1052 1485 =
1093 1460 1232 1498 merito
1257 1464 1384 1498 aerem
1405 1464 1444 1498 et
1459 1461 1656 1500 aetherem
1680 1462 1786 1512 quod

1095 1530 1132 1565 in
1155 1528 1214 1565 his
1246 1528 1324 1565 sint
1351 1528 1483 1566 sidera
1514 1531 1552 1566 et
1573 1530 1787 1568 Homerum

1095 1596 1225 1633 lovem
1258 1595 1403 1633 dixisse
1440 1595 1479 1632 in
1511 1596 1646 1645 aliqua
1676 1600 1788 1646 parte

1094 1663 1243 1701 caelum
1292 1651 1350 1706 ὡς
1392 1651 1433 1699 δ’
1466 1653 1539 1699 ὅτε
1585 1667 1786 1714 ταρφεῖαι

1095 1726 1270 1779 νεφέλαι
1300 1723 1403 1774 Διὸς
1431 1724 1720 1768 ἐκποτέονται
1751 1733 1789 1769 et

1094 1798 1176 1847 ipse
1215 1798 1363 1835 Aratus
1403 1787 1542 1847 αὐτὰρ
1581 1787 1790 1843 ὃἽππος

1095 1860 1142 1902 ἐν
1188 1858 1288 1910 Διὸς
1340 1859 1527 1902 εἱλεῖται.
1596 1877 1680 1903 cum
1730 1865 1788 1903 di-

1095 1934 1146 1972 cit
1189 1932 1415 1971 Herodotus
1466 1933 1597 1972 Iovem
1641 1932 1788 1970 dictum

1097 2005 1224 2039 aerem
1300 2004 1338 2038 et
1408 2001 1542 2039 Crates
1614 1999 1788 2038 eiusdem

423 2124 449 2164 ¹)
483 2122 504 2157 l.
524 2122 543 2155 1.
572 2133 607 2165 p.
626 2125 689 2156 428
714 2121 797 2155 adn.
820 2123 847 2155 3.
891 2118 945 2155 Cf.
969 2120 1053 2154 Ger.
1075 2120 1126 2154 Io.
1144 2119 1266 2153 Vossii
1293 2118 1338 2153 de
1356 2119 1439 2154 hist.
1457 2118 1582 2154 Graec.
1605 2118 1686 2152 libri
1703 2121 1788 2153 tres.

311 2179 377 2213 Ed.
397 2178 587 2213 Westerm.
618 2180 712 2220 1838,
737 2188 771 2221 p.
791 2181 864 2211 510.

422 2237 451 2277 2)
484 2235 525 2268 In
545 2234 666 2267 indice
685 2233 899 2277 scriptorum
927 2232 1021 2274 libri,
1048 2232 1108 2276 qui
1134 2231 1281 2265 additus
1307 2229 1423 2264 fuisse
1440 2230 1588 2264 videtur
1612 2239 1789 2264 commen-

311 2291 440 2325 tationi
473 2291 518 2324 ad
543 2291 698 2324 Aratum
730 2289 911 2333 spectanti
942 2289 999 2323 vel
1034 2288 1079 2322 ad
1109 2297 1168 2321 res
1203 2287 1477 2329 astronomicas,
1509 2296 1600 2329 quas
1625 2285 1789 2330 dicimus,

311 2347 485 2381 Zenodoti
511 2356 642 2380 nomen
667 2346 801 2380 omisso
826 2345 1044 2389 cognomine
1070 2347 1201 2378 exstat.
1242 2343 1299 2377 Cf.
1323 2343 1434 2385 Maas,
1460 2342 1579 2377 Vatic.
1597 2341 1789 2376 Verzeich-

311 2403 368 2437 nis
394 2403 458 2436 der
475 2402 894 2444 Aratcommentatoren,
920 2400 1040 2435 Herm.
1058 2399 1146 2434 XVI
1171 2410 1205 2443 p.
1224 2402 1298 2433 358.
1347 2398 1419 2433 Sed
1444 2403 1565 2432 utrum
1582 2397 1788 2433 Zenodotus

311 2459 458 2493 Mallota
490 2469 535 2492 an
560 2458 716 2493 Aetolus
749 2457 1021 2501 intellegendus
1055 2456 1102 2491 sit
1130 2476 1172 2480 —
1201 2465 1282 2489 nam
1313 2455 1460 2489 tertium
1493 2454 1602 2489 huius
1632 2454 1788 2489 nominis

312 2516 583 2559 grammaticum
608 2515 644 2548 in
671 2524 816 2549 censum
843 2513 968 2548 venire
994 2513 1185 2557 probabile
1211 2522 1283 2546 non
1309 2515 1365 2546 est
1389 2531 1443 2554 -——‚
1468 2521 1538 2545 non
1565 2510 1736 2546 diiudico.

424 2574 451 2613 ³)
485 2571 599 2615 Apud
624 2570 867 2615 Breysigium‚
893 2568 1003 2613 praef.
1031 2580 1065 2613 p.
1082 2567 1251 2602 XXXHI.

423 2630 451 2671 4)
488 2639 522 2671 p.
547 2631 600 2669 55,
624 2631 658 2660 [0
674 2637 770 2670 sqq.;
796 2638 831 2670 p.
855 2629 928 2668 109,
947 2629 988 2659 20
1003 2636 1082 2669 sqq.

423 2685 451 2728 5)
488 2682 697 2724 „Socrates“
728 2692 793 2725 pro
821 2682 992 2724 „Crates“
1024 2680 1200 2724 scriptum
1226 2688 1306 2713 esse
1333 2678 1480 2712 videtur
1510 2681 1659 2722 propter
1689 2682 1788 2712 ante-

312 2741 446 2775 cedens
473 2737 832 2783 „philosophorum“3
869 2736 914 2771 cf.
938 2736 1188 2779 Wachsmuth‚
1220 2735 1276 2769 De
1309 2734 1454 2769 Cratete
1485 2734 1643 2777 Mallota,
1673 2744 1707 2778 p.
1735 2737 1787 2777 62,

314 2798 375 2840 qui
402 2800 500 2830 recte
526 2794 800 2838 grammaticum
826 2794 1008 2828 Cratetem
1035 2792 1102 2826 hoc
1126 2792 1206 2826 loco
1232 2790 1500 2825 commemorari
1526 2789 1629 2824 dixit.
