1830 3201
279 170 357 206 302

277 275 409 329 κίσθη
443 275 486 316 δὲ
518 268 647 323 οὗτος
685 278 753 324 (sc.
781 277 1050 329 Hyperbolus)
1082 269 1135 316 οὐ
1163 273 1232 317 διὰ
1259 274 1483 330 δυνάμεως
1510 280 1654 330 φοβον
1684 279 1755 319 καὶ

280 336 540 395 ἀξιώματος,
584 336 697 382 ἀλλὰ
737 336 808 383 διὰ
847 343 1070 396 πονηρίαν
1109 343 1183 383 καὶ
1222 341 1432 398 αἰσχύνην
1472 346 1546 399 τῆς
1585 342 1756 394 πόλεως

279 414 469 451 translata
500 416 592 451 sunt
623 426 643 452 e
674 413 799 451 Thuc.
822 415 927 463 VIII,
950 417 1014 462 73,
1035 417 1076 453 3:
1107 410 1180 451 καὶ
1207 403 1472 465 Ἱῖττέρβολον
1494 446 1501 452 .
1526 446 1533 452 .
1558 446 1566 453 .
1595 407 1756 466 ὠστρα-

284 477 488 530 κισμένον
527 470 579 517 οὐ
611 474 681 517 διὰ
713 474 936 531 δυνάμεως
972 477 1047 518 καὶ
1084 472 1329 531 ἀξιώματος
1359 475 1503 531 φόβον
1543 473 1658 520 ἀλλὰ
1688 475 1758 521 διὰ

278 544 496 598 πονηρίαν
534 544 604 584 καὶ
643 541 851 599 αἰσχύνην
886 547 963 598 τῆς
993 541 1185 595 πόλεως,
1226 549 1332 598 quod
1363 563 1498 588 verum
1531 562 1613 588 esse
1649 551 1756 589 lucu-

279 616 404 653 lenter
426 616 615 664 probatur
631 616 760 653 verbis
782 609 992 667 αἰσχύνην
1014 613 1091 666 τῆς
1111 609 1285 661 πόλεως
1307 616 1371 663 (cf.
1388 617 1560 656 Stahlius
1582 618 1632 656 ad
1655 618 1690 656 h.
1707 617 1758 667 L),

392 680 458 731 35)
503 682 654 720 Deinde
690 683 766 720 hue
804 683 974 731 pertinet
1013 683 1132 721 schol.
1160 684 1248 720 Pac.
1278 685 1369 723 990.
1418 684 1630 735 Adscripta
1667 692 1758 726 sunt

279 752 429 791 scholia
460 750 537 788 duo
568 750 616 787 ab
639 749 774 788 eodem
799 752 1076 789 commentario
1108 751 1190 789 sive
1213 751 1312 788 libro
1341 752 1416 789 iam
1438 752 1598 791 scholiis
1620 758 1758 794 ornato

280 819 471 870 profecta:
514 818 531 855 I
562 818 584 855 1.
611 821 764 856 1——142
803 811 854 855 τὸ
880 830 904 868 χ
943 809 1010 855 ὅτι
1048 807 1103 855 οὗ
1139 823 1366 868 συμφωνεῖ
1399 823 1493 864 τοῖς
1526 814 1702 871 χρόνοις
1733 815 1759 860 ἃ

279 883 403 936 λέγει.
455 881 527 922 καί
559 880 606 922 ἐν
637 889 730 930 τοῖς
762 875 1009 935 Άχαρνεῦσί,
1041 894 1144 936 φησι
1174 879 1316 936 ,ἕκτῳ
1348 877 1384 923 o'
1406 880 1489 924 ἔτει
1519 887 1758 938 προσεῖδον

281 951 339 999 εἰς
366 946 419 991 τὰ
438 946 615 1002 χώριαίί,
647 943 758 989 ἄλλα
788 949 859 989 καὶ
892 940 915 990 ὅ
949 947 1194 1003 Φιλόχορος
1230 943 1317 990 ἀπὸ
1350 948 1645 1005 Πυθοδώρου,
1685 948 1758 1006 ἀφ’

281 1011 333 1059 οὗ
371 1010 395 1071 ’ἦ
436 1011 541 1070 ἅρχη
579 1018 661 1057 τοῦ
698 1016 894 1070 πολέμου
937 1017 1060 1058 δοκεῖ
1096 1019 1370 1070 γεγενῆσθαι,
1408 1018 1531 1072 μέχρι
1568 1013 1759 1074 Ἰσάρχου

281 1080 692 1137 καταριθμούμενος
724 1082 782 1132 εἰς
812 1080 865 1123 τὰ
897 1080 949 1136 ιγ’
980 1080 1052 1138 ἔτη
1086 1080 1265 1137 συνάγει
1295 1079 1400 1132 τούς
1429 1082 1629 1138 χρόνους.
1680 1084 1759 1127 πά-

282 1156 352 1193 λιν
380 1150 653 1205 Θουκυδίδης
682 1146 794 1191 κατὰ
814 1146 891 1199 τὰς
913 1153 1004 1191 τῶν
1023 1148 1253 1204 χειμώνων
1272 1151 1342 1191 καὶ
1368 1152 1540 1206 θερέων
1562 1151 1761 1204 εἰσβολὰς

282 1217 361 1261 τὸν
390 1216 588 1272 πόλεμον
619 1220 880 1272 γεγενῆσθαι
920 1219 1059 1272 λέγων
1092 1212 1197 1259 οὐδὲ
1227 1212 1361 1268 αὐτὸς
1399 1219 1457 1268 εἰς
1487 1222 1652 1262 τοῦτον
1681 1217 1761 1263 τὸν

282 1281 474 1341 ἀριθμὸν
507 1284 687 1339 ἔρχεται,
718 1279 811 1326 ἄλλ’
835 1279 1121 1330 ἀπολείπεται
1151 1281 1272 1339 παρὰ
1300 1282 1354 1326 τὰ
1384 1284 1427 1327 θ’
1451 1285 1537 1341 ἔτη,
1569 1304 1663 1340 ergo
1695 1305 1760 1342 pa-

282 1371 366 1397 rum
388 1361 573 1396 accurate
606 1358 760 1395 locutus
782 1361 841 1395 est
869 1362 1003 1406 poeta3
1042 1357 1079 1394 II
1110 1360 1159 1395 14
1182 1357 1230 1394 ad
1252 1357 1380 1407 finem,
1402 1358 1535 1396 eadem
1559 1371 1761 1408 exponens

280 1426 318 1462 in
351 1425 509 1462 brevius
541 1427 766 1462 contracta:
797 1453 806 1462 .
829 1453 836 1461 .
862 1453 869 1461 .
893 1413 981 1460 ἀπὸ
1002 1417 1081 1473 γὰρ
1106 1416 1389 1474 Πυθοδώρου
1408 1420 1530 1474 μέχρι
1558 1414 1761 1463 Ἀλκαίου

283 1482 323 1528 θ’
354 1486 426 1542 ἔτη
457 1490 561 1538 κτλ,
600 1503 701 1541 quae
739 1491 787 1528 ad
820 1495 970 1540 partem
1009 1491 1145 1529 melius
1181 1495 1338 1529 servata
1375 1494 1465 1529 sunt
1502 1504 1616 1541 quam
1653 1494 1762 1542 prius

284 1560 485 1597 scholium.
546 1560 594 1597 Et
625 1560 787 1608 primum
823 1558 981 1608 quidem
1019 1559 1172 1607 signum
1203 1570 1227 1608 χ
1267 1571 1353 1596 cum
1385 1560 1478 1598 satis
1509 1560 1762 1609 neglegenter

285 1627 502 1666 Clausenus
534 1624 736 1672 dixerit37)
768 1627 812 1664 iis
843 1627 938 1664 locis
969 1627 1116 1676 apponi
1153 1639 1175 1663 a
1206 1626 1405 1665 veteribus
1436 1627 1563 1665 solere
1600 1629 1666 1676 qui
1697 1629 1763 1666 ali—

284 1694 378 1744 quid
401 1695 625 1732 offensionis
648 1694 847 1743 haberent,
869 1694 1092 1732 accuratius
1115 1693 1162 1732 de
1185 1694 1257 1733 hoc
1279 1695 1393 1743 signo
1417 1694 1495 1743 egit
1516 1695 1762 1736 Schraderus

285 1767 323 1801 et
352 1761 612 1811 Lehrsiusssb),
641 1774 664 1800 a
695 1775 771 1812 quo
805 1775 906 1811 quae
938 1763 986 1801 de
1007 1762 1167 1801 Pindari
1190 1763 1348 1801 scholiis
1380 1763 1486 1802 dicta
1507 1768 1596 1802 sunt
1627 1766 1762 1815 utique

285 1831 333 1868 ad
364 1832 665 1880 Aristophanem
703 1831 912 1880 pertinent.
972 1830 1132 1880 Signum
1164 1831 1264 1869 enim
1293 1843 1336 1881 χ,
1375 1844 1461 1870 cum
1493 1832 1541 1870 ad
1573 1834 1762 1872 sermonis

286 1900 529 1937 insolentiam
568 1895 721 1946 (λέξεις
751 1895 823 1935 καὶ
856 1898 995 1949 σχῆμα
1032 1895 1104 1935 καὶ
1137 1889 1251 1944 ὅλως
1282 1890 1364 1949 την
1395 1893 1651 1950 συνήθειαν)
1687 1901 1761 1938 iam

287 1981 308 2004 a
330 1968 528 2006 veteribus
551 1969 814 2017 grammaticis
836 1967 1117 2006 Alexandrinis
1149 1968 1359 2006 adhibitam
1382 1980 1466 2006 esse
1497 1969 1611 2018 Diog.
1632 1969 1762 2007 Laert.

288 2039 354 2085 lli,
377 2040 427 2075 65
461 2036 612 2086 doceat,
642 2049 728 2074 cun]
760 2037 844 2074 aliis
865 2037 983 2074 rebus
1013 2037 1088 2074 alia
1109 2037 1220 2085 signa
1247 2036 1475 2085 tribuerent,
1506 2038 1619 2086 quasi
1641 2049 1759 2075 unum

287 2107 437 2154 signum
469 2105 544 2142 alia
574 2105 734 2142 eiiciens
769 2104 819 2141 ad
856 2104 1068 2153 quamlibet
1098 2105 1344 2142 insolentiam
1382 2105 1568 2142 memoria
1604 2104 1761 2153 dignam

287 2174 496 2212 notandam
529 2176 705 2222 tempore
728 2173 822 2210 satis
844 2173 992 2210 recenti
1025 2175 1254 2221 usurpatum
1278 2174 1346 2209 est.
1405 2172 1481 2210 Sed
1511 2172 1763 2210 nihilominus

287 2255 332 2279 ea
364 2241 524 2290 scholia,
564 2241 706 2289 quibus
740 2242 867 2278 exstat
903 2233 953 2276 τὸ
983 2252 1006 2289 χ
1048 2241 1115 2277 tali
1148 2239 1230 2277 vice
1271 2239 1451 2289 fungens,
1488 2252 1566 2278 non
1604 2252 1761 2279 necesse

288 2312 346 2346 est
382 2312 591 2357 propterea
627 2307 895 2345 recentissima
931 2307 1076 2352 haberi⁷
1118 2319 1203 2344 cum
1244 2318 1431 2356 persaepe
1472 2307 1597 2345 codici
1637 2308 1762 2347 alicui,

289 2376 354 2424 qni
387 2376 543 2413 scholiis
575 2378 736 2413 ornatus
758 2377 862 2412 esset
893 2386 912 2412 e
934 2375 1134 2412 veteribus
1156 2374 1442 2412 commentariis
1463 2375 1623 2424 haust1s‚
1654 2375 1762 2413 scho-

291 2444 420 2480 liastes
452 2442 609 2492 quidam
650 2442 788 2479 aetatis
825 2442 1055 2479 recentioris
1093 2441 1334 2480 adscriberet
1373 2442 1526 2490 signum
1550 2453 1575 2491 χ
1616 2446 1683 2481 aut
1723 2444 1760 2480 in

290 2511 437 2548 scholia
468 2511 552 2559 ipsa
584 2510 772 2547 insereret
802 2502 852 2545 τὸ
873 2520 897 2558 χ
929 2500 1041 2546 διότι
1074 2538 1082 2545 .
1106 2538 1114 2546 .
1139 2538 1146 2546 .
1180 2508 1441 2558 explicatione
1471 2509 1557 2558 ipsa
1588 2522 1608 2547 e
1629 2513 1762 2548 vetere

401 2619 428 2637 ³⁷
477 2614 531 2650 cf.
557 2616 579 2649 l.
597 2625 625 2649 a.
680 2618 757 2649 .·25.

402 2618 447 2715 ³⁵³}
477 2670 531 2706 Cf.
556 2626 744 2714 Lem-gius,
779 2671 845 2705 Die
870 2671 1186 2714 Pindarseholien,
1220 2671 1372 2714 Leipzig
1400 2674 1500 2713 1873,
1531 2682 1565 2714 p.
1585 2674 1657 2705 107.
1686 2674 1761 2714 1103

292 2727 527 2770 Schraderus,
559 2728 613 2761 De
638 2727 826 2761 notatione
852 2728 977 2762 critica
1010 2738 1030 2761 a
1054 2731 1126 2762 vet.
1152 2737 1298 2770 gramm.
1331 2727 1365 2760 in
1398 2727 1492 2771 poet.
1517 2727 1671 2761 scaenic.
1702 2726 1762 2760 ad-

292 2783 415 2826 hibita,
439 2783 541 2817 Bonn
563 2786 657 2825 1863,
683 2793 716 2826 p.
738 2786 775 2815 17
791 2792 869 2826 sqq.
