1830 3201
317 159 369 195 44

316 270 491 308 subiecta
522 274 681 311 evanuit
721 274 927 325 induitque
959 279 1029 316 sibi
1064 280 1222 318 verbum
1263 284 1495 322 translatum
1529 298 1682 325 sensum
1723 290 1791 326 aut

316 339 579 377 committendi
610 344 677 379 aut
707 344 967 390 permittendi.

427 418 518 455 Sine
549 422 656 457 eerto
689 421 840 461 obieeto
877 425 1037 462 verbum
1072 426 1215 475 legitur
1252 429 1289 465 in
1323 428 1502 478 Odyssea
1532 443 1557 468 τ
1584 436 1663 472 502
1701 429 1789 471 ἐπί-

315 491 483 532 sompni*
514 482 559 523 δὲ
596 486 768 526 θεοῖσιν
809 494 847 528 et
885 503 915 539 q»
948 495 1026 531 279
1071 488 1301 544 ἐπιτρέψαι
1339 492 1384 532 δὲ
1422 497 1608 545 θεοῖσιν,
1649 502 1790 550 quibus

317 551 411 589 loeis
446 553 639 591 obiectum
678 558 872 604 generalis
905 560 1073 597 notionis
1110 562 1423 601 subaudiendum
1455 570 1524 611 est,
1561 566 1791 607 Germanice
1821 585 1823 615 1

317 620 453 664 „stelle
485 633 525 658 es
558 622 632 660 den
666 624 829 662 Gottern
868 627 1060 675 anlieim“‚
1100 629 1121 665 i.
1152 642 1183 667 e.
1217 632 1425 679 „permitte
1463 638 1606 684 cetera,
1643 637 1787 674 exitum

313 687 366 723 rei
398 688 519 726 deis“.
579 690 763 729 Similiter
794 694 847 730 ait
869 695 1055 733 Horatius
1088 697 1124 733 in
1149 710 1263 734 earm.
1288 699 1313 747 Ι,
1337 702 1372 749 9,
1395 702 1419 739 9
1456 703 1657 750 „permitte
1688 703 1789 742 divis

312 756 482 792 eete1·a“.
542 757 656 804 Quod
689 759 880 797 obiectum
924 766 999 798 tam
1040 764 1211 802 universi
1247 768 1403 814 generis
1444 768 1620 807 homines
1651 772 1787 809 Graeci
1822 764 1823 769 ¹

311 822 415 860 haud
445 823 599 862 difficile
632 839 651 863 e
683 830 763 864 toto
796 830 982 867 sermonis
1014 836 1198 870 contextu
1231 834 1525 884 intellegebant,
1557 840 1786 886 praesertim

310 903 396 927 eum
427 892 473 928 iis
505 892 590 930 talis
621 894 750 932 brevis
783 896 937 934 dicendi
970 898 1107 936 modus
1139 902 1268 948 qualis
1296 903 1408 940 nobis
1441 917 1516 942 non
1550 909 1786 955 suppeteret.
1823 920 1824 923 ¹

310 959 382 995 Hie
415 958 516 997 dieat
548 962 739 1010 quispiam
784 964 971 1003 eiusmodi
1011 967 1246 1006 locutionem
1286 983 1361 1008 non
1394 983 1478 1010 esse
1516 973 1786 1021 significationi
1824 966 1825 1010 ἶ

310 1025 530 1064 confidendi
562 1027 794 1067 dissimilem.

422 1106 546 1143 Etiam
578 1108 615 1144 in
648 1108 722 1146 hoe
752 1112 965 1159 composito
997 1114 1165 1152 aoristus
1195 1116 1230 1152 II
1269 1116 1556 1155 intransitivum
1589 1131 1699 1158 usum
1731 1123 1785 1160 te-

310 1174 402 1217 nuit,r
435 1174 504 1211 sed
537 1188 622 1212 eum
645 1178 837 1216 translata
860 1181 1018 1218 notione
1041 1182 1278 1231 confidendi,
1309 1196 1409 1232 quae
1432 1198 1479 1222 ex
1500 1186 1785 1235 significatione

308 1254 348 1278 se
387 1243 651 1282 committendi
691 1246 901 1295 suboritur,
940 1247 981 1285 K
1006 1252 1057 1287 59
1100 1255 1242 1287 τοῖσιν
1278 1244 1357 1301 γὰρ
1397 1247 1702 1304 ἐπὲτράπομέν
1739 1268 1783 1306 γε

304 1302 502 1357 μάλιστα.
565 1312 650 1350 Hoe
683 1313 767 1351 loeo
800 1318 904 1352 reete
936 1317 1170 1355 Iaeobitzius
1201 1319 1454 1369 Seilerusque
1485 1334 1531 1359 ae
1563 1323 1708 1371 Papius
1744 1325 1783 1361 in

306 1376 440 1413 lexicis
483 1377 644 1416 Graecis
682 1381 843 1418 verbum
882 1383 1057 1432 intellegi
1098 1386 1232 1423 volunt
1271 1387 1571 1426 intransitivum.
1637 1390 1784 1429 Iniuria

307 1457 400 1482 vero
432 1445 606 1483 Seilerus
638 1450 775 1496 postea
805 1449 842 1486 in
872 1450 995 1488 lexico
1026 1452 1231 1490 Homerico
1262 1467 1284 1490 a.
1316 1456 1518 1502 superiore
1550 1457 1784 1506 interpreta-

305 1512 409 1549 tione
458 1513 646 1552 recedens
698 1528 743 1552 ex
788 1520 1000 1556 anteeunte
1047 1513 1285 1566 φυλάκεσσι
1332 1523 1493 1560 verbum
1544 1517 1783 1570 φυλάσσειν

304 1592 375 1628 pro
417 1581 568 1619 obiecto
613 1583 726 1620 simul
767 1585 887 1623 audit.
952 1586 1025 1624 Sed
1069 1592 1214 1636 quanto
1253 1590 1466 1639 simplicior
1504 1592 1629 1630 altera
1665 1594 1783 1642 expli-

306 1650 404 1686 eatio
438 1646 538 1687 suit‘?

416 1729 672 1768 Intransitiva
703 1745 821 1780 porro
855 1734 972 1783 notio,
1010 1737 1162 1773 tametsi
1197 1737 1424 1787 Ebelingius
1463 1740 1656 1779 obiectum
1694 1753 1780 1780 esse

304 1796 489 1834 omissum
523 1802 669 1847 censet,
701 1800 805 1837 haud
829 1801 944 1839 dubie
976 1803 1110 1841 subest
1140 1803 1180 1841 K
1200 1808 1248 1843 79
1281 1800 1374 1842 ἐπεὶ
1397 1796 1449 1843 οὐ
1470 1802 1548 1856 μὲν
1570 1803 1779 1859 ἐπέτρεπε

302 1857 433 1913 γήραϊ
453 1863 610 1915 λυγρῷ,
643 1868 706 1904 ubi
741 1881 873 1905 omnes
899 1869 1065 1908 editores
1092 1872 1306 1910 Aristarchi
1329 1874 1519 1923 suffragio
1550 1876 1780 1926 plerumque

302 1933 465 1980 permoti
508 1928 715 1982 ἐπέτρὲπί-
759 1937 947 1974 seribunt.
1007 1938 1058 1974 At
1098 1939 1276 1988 equidem
1320 1942 1537 1989 putaverim
1584 1943 1655 1980 hoe
1695 1944 1779 1982 loeo

302 1999 585 2038 restituendum
615 2014 698 2040 esse
729 2004 915 2041 aoristum
947 2006 981 2042 11
1008 2000 1238 2056 effetoccffre,
1270 2021 1384 2057 quem
1417 2009 1593 2058 profecto
1625 2012 1779 2060 plurimi

303 2070 706 2119 praestantissimique
729 2071 898 2121 codices,
928 2074 965 2110 in
989 2074 1130 2122 quibus
1156 2076 1326 2113 Venetus
1348 2077 1381 2114 A
1410 2072 1638 2127 (ἐπέτρεπε
1659 2091 1779 2127 supra

301 2135 461 2183 scripto)
503 2139 540 2174 et
582 2138 870 2177 Laurentianus
902 2141 942 2188 B,
980 2141 1174 2179 exhibent.
1243 2143 1388 2181 Sensus
1432 2145 1547 2182 huius
1589 2146 1661 2183 loei
1702 2149 1778 2183 est:

307 2204 475 2247 „Nestor
500 2205 661 2243 miserae
684 2208 878 2245 senectuti
901 2221 976 2246 non
999 2208 1198 2247 indulsit“.
1258 2212 1335 2248 Iam
1365 2212 1485 2250 sebol.
1510 2212 1661 2251 Townl.
1688 2226 1778 2251 ean-

305 2269 391 2307 dem
426 2271 746 2319 signifieationem
778 2275 924 2313 indicat
955 2276 1148 2315 adnotans
1179 2267 1274 2314 ἀντὶ
1299 2277 1381 2315 τοῦ
1403 2270 1483 2316 οὔκ
1505 2275 1655 2318 ἐδίδου
1682 2275 1778 2317 ἑαυ-
1829 2297 1830 2325 ῇ

301 2329 379 2373 τὸν
410 2335 472 2388 τῷ
504 2332 613 2391 γήρᾳ
644 2331 745 2377 οὐδὲ
783 2331 1050 2380 ὖπετιὲττξτο
1072 2335 1203 2395 αὐτῷ.
1247 2345 1443 2392 (similiter
1474 2347 1644 2395 Hesyeh.
1674 2337 1775 2385 ὑπὲ-

296 2397 457 2454 χώρει)
519 2407 627 2453 Quae
658 2408 889 2456 significatio
922 2411 1152 2460 indulgendi
1185 2425 1231 2449 ex
1262 2412 1515 2452 intransitiva
1543 2415 1703 2453 notione
1733 2427 1774 2454 se

299 2473 547 2520 permittendi
580 2474 789 2513 suboritur.

413 2552 580 2589 Verbum
604 2548 825 2603 ἐπιτρέπω
856 2557 927 2593 etsi
949 2556 1022 2594 iam
1048 2570 1123 2595 non
1147 2557 1340 2606 signifieat
1371 2560 1528 2609 proprie
1552 2561 1775 2611 motionem,

298 2622 427 2655 tamen
474 2619 548 2657 hoe
590 2621 675 2658 loeo
719 2624 959 2672 enumeravi,
1001 2636 1049 2661 ne
1090 2626 1343 2675 compositum
1390 2640 1412 2664 a
1450 2628 1568 2667 verbo
1610 2629 1773 2680 simplici

298 2685 557 2735 disjungatur.

1822 699 1824 715 l
