1815 3231
1469 181 1511 215 111

42 282 219 331 contigit,
252 285 294 320 ut
326 283 581 332 principalem
616 283 899 321 inti-:insitivam
934 285 1006 321 vini
1047 287 1202 323 ‹unnim›
1235 301 1279 323 vx
1314 289 1440 324 :u-tiw,
1472 290 1516 324 :ul

42 348 208 387 medium
247 350 490 399 exturbaret3
536 353 673 387 eontra
718 351 753 387 in
798 352 996 389 nonnullis
1029 354 1155 390 verbis
1198 368 1321 402 pauca
1359 357 1518 402 vestigia

41 417 182 466 prioris
222 419 390 456 notionis
432 417 704 455 intransitivae
744 419 780 455 in
813 420 941 456 activo
980 421 1115 457 relicta
1151 425 1251 459 sunt.
1315 424 1352 460 ln
1395 425 1521 460 inultis

41 487 169 523 tamen
212 485 342 523 verbis
385 485 632 523 intransitiva
678 486 782 523 notio
829 487 865 522 in
913 488 1028 523 certis
1072 488 1203 525 ferinis
1247 491 1379 539 activi,
1422 504 1520 539 quae

41 553 79 591 in
122 553 368 602 loquentium
413 554 650 602 cogitatione
699 554 746 590 ab
789 555 919 591 active
961 561 1163 603 separatae
1207 570 1289 593 esse
1331 558 1522 606 vnn-ntur,

42 624 84 659 ut
124 621 162 658 in
204 621 348 659 aoristo
399 624 437 659 et
480 621 656 669 perfeeto
699 622 891 671 seeundo,
941 624 1094 671 penitus
1138 624 1288 661 insedit.
1360 626 1406 662 At
1451 627 1521 662 ista

14 688 177 738 'vel-ba,
217 689 253 726 in
293 689 434 738 quibus
476 690 726 726 intransitiva
764 690 868 727 notio
911 691 946 727 in
988 692 1133 728 aori-sto
1175 695 1211 728 ot
1255 692 1427 740 perferto
1466 706 1519 729 sv-

41 757 171 795 cundo
220 757 335 795 aetivi
389 758 642 806 inveteravit,
698 759 919 796 accuratius
972 761 1210 808 perscrutari
1263 773 1396 808 partun
1451 761 1519 797 lim:

42 826 128 863 loeo
171 825 345 874 interest,
387 826 481 874 quia
524 826 609 874 ipsa
654 826 761 863 notio
808 827 1054 864 intransitiva
1098 839 1251 876 semper
1294 833 1440 865 tantum
1485 830 1520 865 in

41 893 116 930 illis
146 892 282 931 formis
312 891 538 938 inhaeret.¹)
603 894 781 942 Denique
814 896 1016 932 causativa
1049 896 1152 933 notio
1185 896 1221 932 in
1257 896 1414 944 reliquis
1437 909 1521 933 ver-

43 960 101 999 bis
132 961 223 1011 plus
256 961 435 998 minusve
468 962 595 999 activo
628 963 752 1010 potita
783 966 851 1000 est.

155 1040 326 1078 Dubium
360 1053 435 1078 non
461 1043 591 1090 potest
612 1052 711 1090 esse,
744 1042 835 1090 quin
871 1042 1070 1079 causativa
1093 1043 1196 1079 notio
1230 1043 1266 1079 in
1299 1043 1373 1079 illis
1397 1043 1522 1079 verbis

42 1108 236 1158 posterior
274 1109 334 1146 sit.
400 1109 489 1146 Non
529 1111 686 1158 praesto
729 1112 812 1146 erat
851 1109 1012 1147 Graecis
1052 1110 1088 1146 id
1129 1110 1405 1157 adiumentum,
1447 1122 1522 1159 que

42 1176 141 1233 aliae
176 1176 335 1225 linguae
367 1176 718 1226 Indogermanicae
759 1177 807 1214 ad
850 1178 1087 1215 causativani
1128 1179 1322 1215 notionem
1361 1180 1522 1215 efferen-

43 1244 130 1281 dam
172 1246 349 1292 utuntur,
390 1245 411 1282 i.
446 1257 477 1281 e.
520 1244 699 1282 formatio
745 1258 933 1283 noverum
978 1245 1182 1283 verborum
1227 1246 1523 1283 causativorum.

42 1311 105 1350 Sic
136 1324 168 1350 e.
198 1324 226 1349 c.
266 1313 403 1362 lingua
434 1313 674 1351 Sanseritica
712 1325 802 1350 suas
839 1313 890 1350 illi
933 1315 1159 1351 causativae
1198 1314 1343 1351 notioni
1381 1314 1524 1351 formas

43 1379 197 1430 effingit
229 1392 300 1417 nee
331 1381 459 1418 minus
493 1381 625 1429 lingua
658 1381 809 1430 Gotiea,
841 1394 952 1430 quae,
985 1385 1025 1419 ut
1057 1382 1294 1419 causativam
1328 1382 1522 1418 notionem

42 1448 153 1486 verbi
184 1448 425 1486 intransitivi
465 1449 669 1498 exprimat,
707 1461 727 1486 e
760 1449 960 1497 praeteriti
999 1450 1186 1498 singulari
1219 1462 1379 1486 numero
1416 1449 1523 1486 verbi

42 1516 276 1554 intransitivi
308 1516 450 1554 suffixo
483 1517 496 1553 ι’
527 1517 680 1555 adnexo
713 1530 815 1555 nova
847 1518 1065 1555 conformat
1097 1519 1228 1555 verba.
1281 1518 1336 1555 Cs.
1367 1516 1520 1554 Braunii

43 1596 204 1634 gramm.
233 1584 339 1623 Got.‘-‘
377 1584 398 1629 ἓ
436 1586 526 1623 188.
596 1585 779 1629 Graecos,
821 1586 969 1635 quippe
1011 1586 1076 1634 qui
1118 1588 1296 1622 carerent
1336 1584 1521 1621 eiusmodi

43 1652 289 1702 formatione,
326 1653 454 1691 activo
493 1653 688 1691 causalem
721 1665 877 1691 sensum
912 1654 1093 1691 tribuisse
1131 1653 1280 1691 facilem
1315 1653 1430 1690 habet
1461 1664 1522 1689 ex-

45 1719 305 1769 plicationem.

158 1799 244 1838 Hoc
274 1812 368 1838 vero
400 1800 557 1838 infitiari
592 1801 792 1848 noluerim,
830 1800 950 1838 verba
986 1800 1195 1843 causativa,
1234 1802 1275 1836 ut
1306 1799 1355 1836 ita
1388 1798 1523 1845 dicam,

45 1880 67 1905 a
99 1867 258 1906 Graecis
297 1880 468 1917 unquam
501 1881 586 1906 esse
624 1868 730 1917 ficta,
772 1868 912 1906 etenim
946 1868 1065 1906 verba
1101 1867 1139 1904 in
1171 1858 1249 1903 -όω
1286 1870 1323 1903 et
1360 1867 1395 1903 in
1428 1862 1522 1914 -ίζω

46 1934 228 1974 cadentia
282 1949 412 1974 nonne
465 1937 665 1974 causativa
715 1936 997 1985 significatione
1051 1935 1273 1983 saepissime
1326 1937 1415 1970 sunt
1465 1933 1519 1968 in-

45 2004 223 2041 structa?
283 2005 334 2041 At
365 2016 459 2042 vero
500 2005 574 2042 ista
607 2004 727 2042 verba
763 2017 785 2040 a
822 2005 970 2041 Graeca
1009 2003 1143 2051 lingua
1181 2002 1297 2038 multo
1335 2004 1419 2050 post
1457 2013 1520 2037 no-

45 2075 138 2110 vata
169 2076 260 2109 sunt
292 2084 418 2121 eaque
456 2076 652 2121 tamquam
686 2073 849 2110 circuit-u
883 2070 1048 2120 quodam
1089 2082 1163 2106 nen
1203 2069 1248 2105 ab
1286 2069 1369 2116 ipso
1401 2067 1520 2104 verbo

46 2139 305 2189 intransitive,
347 2140 413 2178 sed
457 2153 479 2178 a
519 2141 762 2178 substantivo
802 2139 850 2177 ad
887 2138 1045 2176 verbum
1088 2136 1373 2174 intransitivum
1414 2147 1519 2183 spec-

48 2210 155 2246 tante
187 2207 380 2246 derivata.

164 2352 189 2391 ¹)
220 2350 274 2383 Ea
299 2350 423 2391 verba,
449 2360 602 2393 quorum
629 2349 862 2383 intransitiva
879 2348 933 2381 vis
960 2348 993 2381 in
1019 2346 1143 2381 formis
1169 2344 1385 2388 quibusdam
1411 2343 1520 2376 activi

46 2405 191 2447 insedit,
217 2416 290 2439 non
316 2406 431 2440 solum
458 2416 503 2440 ex
528 2406 695 2447 Homero,
721 2405 786 2439 sed
811 2414 854 2437 ex
880 2404 1050 2437 universa
1074 2402 1195 2444 lingua
1220 2402 1351 2435 Graeca
1377 2399 1523 2439 collegit

49 2461 92 2495 G.
122 2460 315 2496 Kuehnius
353 2462 389 2496 in
428 2461 570 2504 libello,
611 2462 671 2505 qui
708 2459 937 2495 inscribitur:
979 2459 1074 2494 ..Das
1112 2456 1345 2491 Causativum
1387 2455 1420 2487 in
1459 2454 1522 2487 ‹lei-

47 2517 301 2561 griechischen
326 2517 505 2562 Spraehe“
533 2518 676 2560 (Pi-ogr.
701 2517 871 2550 Doberan
902 2516 1011 2558 1882),
1043 2525 1075 2558 p.
1100 2516 1136 2547 19
1152 2524 1227 2556 sqq.
1278 2512 1374 2544 Ideni
1401 2510 1522 2543 attulit

49 2583 91 2608 ea
114 2574 226 2609 verba
250 2574 418 2618 primitus
442 2574 686 2617 intransitiva,
719 2573 754 2606 in
781 2572 914 2615 quibus
946 2570 1133 2605 causativa
1158 2568 1256 2602 notio
1286 2567 1444 2601 exoritur
1468 2575 1521 2607 eo,

49 2631 148 2675 quod
176 2629 313 2665 formae
338 2631 515 2674 quaedam
540 2630 663 2672 activi,
692 2628 867 2673 imprimis
892 2627 1050 2661 aei-istus
1076 2626 1101 2668 I,
1131 2629 1320 2660 novantur,
1353 2621 1519 2665 quamob-

49 2697 124 2722 rem
156 2697 278 2722 eorun]
311 2688 584 2722 enumeratione
618 2685 857 2730 διψῶ-πάθος
894 2683 938 2718 cf.
970 2694 999 2718 e.
1028 2694 1062 2726 g.
1092 2678 1210 2727 :5340st
1244 2680 1414 2713 aei-istum
1440 2678 1454 2710 I
1486 2678 1520 2711 vi

50 2744 238 2779 causativa
260 2744 491 2787 instructum,
517 2744 580 2789 qui
604 2744 650 2778 ad
675 2740 945 2776 intransitivum
969 2738 1098 2786 βαίνω,
1125 2734 1215 2782 ἔβην
1240 2736 1407 2781 pertinet.
