1815 3231
1454 196 1533 230 273

53 303 258 358 Διηνέκεα
289 300 552 356 πιθόμΗΗοι
585 300 695 356 ,τούς
728 319 803 343 Tm
836 305 924 343 τῶν
959 301 1197 355 Ίζιηχιιίωι
1227 294 1298 345 (ἶ).-
1329 299 1400 340 ἐκ(
1410 297 1462 339 ἀι
1494 298 1533 338 m'

50 369 264 426 βάρβαροι
305 366 485 413 &ma-‘mos
528 370 581 413 τὰ
622 369 880 424 τοξι-ἰματα,
923 368 1003 411 τὸ]
1035 366 1162 423 ἡλιοι
1200 365 1285 410 {no
1323 370 1403 409 τοῦ
1434 365 1534 422 5152}-

54 444 157 488 mog
187 442 279 480 τῶν
311 434 473 481 όιστῶι
512 433 703 493 (ἕποκρι
690 450 831 479 armon
866 472 872 479 .
908 472 913 478 .
949 472 954 478 .
989 435 1069 477 τὸ)
1102 436 1144 477 (53
1183 436 1322 477 {Iu-iz
1354 470 1361 476 .
1397 470 1403 476 .
1439 470 1444 475 .
1479 428 1536 482 ὡς

50 522 142 549 παι
146 523 199 548 τα
232 520 304 559 σᾳι
341 501 488 560 α’γαθα
521 524 543 547 o
573 506 796 560 Τοηχίιιος
824 511 964 558 §rivos
996 501 1211 558 ‹Zyyz's'JQ
1243 503 1278 544 ιί.
1310 498 1534 556 ἀποκρυπ-

52 572 227 616 τόντων
259 577 349 615 τῶν
380 571 551 628 Μήδων
592 571 675 615 τόν
706 570 838 627 ἥλιον
881 566 965 614 ὕπὸ
998 573 1095 625 σκίῃ
1137 570 1281 613 ἔσοιτο
1323 566 1434 624 πρὸς
1466 565 1535 610 (αἷ-

51 637 155 690 weg
186 638 211 696 ἡ
244 639 356 696 μάχη
387 642 461 682 καὶ
495 636 575 682 οὐκ
608 641 655 683 ἐν
678 634 801 695 ἡλίῳ,
833 658 930 694 quae
963 659 984 681 a
1007 644 1218 682 scholiasta
1240 656 1325 681 esse
1350 645 1537 691 usurpata

52 715 264 764 praecipue
296 717 403 763 patet
441 726 488 752 ex
520 715 563 751 iis
602 726 703 763 quae
737 713 1042 762 respondentur,
1081 724 1181 760 quae
1214 724 1337 760 usqne
1370 710 1417 747 ad
1450 723 1535 758 par-

54 781 211 819 ticulam
249 775 297 830 el,
334 781 381 818 ad
414 781 647 819 scholiastae
679 793 894 818 sermonem
934 781 1059 817 minus
1096 783 1237 828 aptam,
1280 778 1538 826 transscripta

3 895 7 899 ⁸
53 853 154 888 sunt.
214 849 396 888 Ceterum
417 849 518 887 idem
542 852 671 886 exstat
699 848 803 897 apud
828 847 1270 891 Pseudo-Plutarchum,
1302 845 1538 895 apophtheg.

53 929 133 965 reg.
160 919 198 955 ct
226 918 313 965 imp.
343 919 433 955 225.

165 984 244 1021 Iam
286 987 408 1021 restat
452 986 493 1021 ut
535 983 582 1020 dc
622 983 669 1020 iis
712 982 868 1020 scholiis
908 994 1040 1030 agam,
1083 992 1182 1029 quae
1224 992 1286 1017 res
1326 980 1537 1016 Persarum

52 1056 216 1089 narrant
245 1051 293 1088 ab
322 1051 522 1089 Herodoto
555 1063 630 1088 non
665 1050 862 1098 repetitas.
922 1048 1096 1096 Quorum
1130 1049 1295 1096 primum
1329 1050 1387 1084 est
1419 1046 1539 1083 schol.

53 1121 125 1157 Av.
152 1121 253 1158 1021
288 1117 353 1165 (cf.
380 1119 484 1158 Suid.
515 1110 897 1167 Σαρδαναπάλῳ).
958 1117 1045 1153 Duo
1079 1115 1140 1152 hic
1173 1115 1358 1152 habemus
1391 1114 1539 1151 scholia

54 1188 102 1226 ab
125 1187 261 1225 eodem
287 1186 491 1236 Didymco,
522 1190 564 1223 ut
587 1185 753 1222 vidimus
776 1198 811 1234 p.
832 1187 923 1231 232,
955 1182 1219 1231 dependentia
1242 1182 1538 1219 commentario:

55 1256 71 1293 I
103 1255 126 1292 l.
149 1256 326 1303 29—-39,
357 1255 393 1292 ll
424 1254 445 1291 l.
475 1256 664 1299 40-53,
701 1252 739 1289 in
773 1264 851 1301 quo
883 1263 967 1289 cum
1002 1250 1135 1288 videas
1168 1261 1304 1287 versus
1335 1249 1541 1298 exhibitos,

55 1323 121 1372 qui
160 1323 197 1360 in
232 1323 363 1372 priore
394 1322 543 1360 scholio
583 1333 661 1359 non
700 1324 869 1368 exstant,
907 1322 975 1356 aut
1006 1331 1028 1356 a
1059 1317 1267 1355 scholiasta
1302 1317 1377 1354 illic
1410 1316 1539 1354 omissi

53 1396 145 1428 sunt
180 1394 249 1427 aut
287 1403 308 1426 a
338 1389 592 1438 grammatico
631 1387 800 1437 quodam
840 1386 1007 1435 Didymo
1048 1385 1265 1434 posteriorc
1309 1384 1370 1421 hic
1406 1384 1540 1420 additi.

55 1457 170 1504 Quod
194 1458 436 1506 epigramma
467 1470 488 1494 a
512 1456 694 1495 Choerilo
728 1455 905 1493 versibus
935 1466 1019 1491 esse
1050 1464 1278 1502 expressum
1310 1452 1540 1489 Athenaeus

56 1527 136 1564 509
150 1524 169 1561 f
196 1528 331 1562 auctor
361 1528 431 1573 est,
462 1525 527 1572 qui
559 1523 756 1572 permulta
787 1522 834 1559 de
857 1520 1142 1569 Sardanapallo
1175 1519 1333 1557 exhibet
1365 1519 1538 1557 52ss—

56 1595 137 1631 530
154 1605 183 1630 c.
245 1591 477 1640 Complures
518 1591 633 1628 huius
672 1590 861 1639 poematis
903 1591 1057 1626 exstant
1088 1587 1350 1635 recensiones,
1391 1586 1458 1623 sed
1491 1585 1539 1624 de

56 1660 128 1697 hac
159 1672 201 1697 re
232 1663 309 1696 tam
341 1661 527 1696 accurate
559 1658 702 1695 dictum
736 1662 795 1694 est
827 1670 848 1693 a
880 1655 1046 1703 Naekio,
1085 1655 1255 1692 Choerili
1288 1654 1406 1692 Samii
1439 1666 1539 1701 quae

56 1730 277 1776 supersunt,
309 1726 415 1775 Lips.
441 1727 545 1764 1827
579 1739 614 1775 p.
640 1727 716 1763 196
733 1736 830 1773 sqq.,
861 1729 897 1761 et
929 1725 977 1760 ab
1011 1723 1105 1770 aliis,
1137 1725 1179 1759 ut
1210 1721 1389 1769 equidem
1424 1720 1538 1757 nolim

57 1808 135 1833 rem
174 1796 312 1832 iterum
351 1795 389 1831 in
428 1793 734 1842 disputationem
775 1803 929 1829 vocare.
994 1791 1130 1827 Restat
1167 1793 1209 1826 ut
1248 1787 1351 1825 unde
1389 1788 1541 1836 reliqua

57 1866 212 1912 sumpta
253 1862 331 1899 sint
372 1871 619 1910 quaeramus.
691 1859 862 1896 Primum
905 1858 1067 1895 affertur
1108 1855 1385 1904 Apollodorus,
1425 1867 1539 1903 quem

58 1931 151 1968 dicit
182 1929 377 1978 Didymus
416 1927 479 1975 (cf.
511 1927 680 1975 Hesych.
711 1930 749 1963 et
780 1939 816 1975 p.
846 1923 941 1970 232)
978 1922 1119 1960 ταῖτα
1151 1916 1303 1971 φάναι·
1347 1914 1542 1971 ἐγγεγρά-

56 1998 170 2047 φθαι
202 1992 249 2034 ἐν
280 1995 342 2047 τῷ
372 1989 500 2045 τάφῳ
533 1986 671 2031 αὐτοῦ
706 1984 942 2043 Ἀσσυρίοις
975 1984 1209 2041 γραιιιιιιασι·
1249 1983 1541 2039 Σαρδανάπα-

57 2067 132 2113 λος
163 2056 539 2115 Ἀνακυνδαράξου
576 2067 678 2107 παῖς
721 2052 889 2111 Ταρσον
925 2072 968 2097 τι
1011 2056 1082 2096 καὶ
1116 2049 1336 2109 Ἀγχιάλην
1376 2052 1543 2107 ἔδειμεν

58 2132 105 2174 ἐν
135 2133 212 2187 μιᾷ
241 2123 397 2184 ἡμέρᾳ·
440 2126 574 2177 ἔσθιε,
613 2134 725 2175 πῖνε,
766 2122 902 2178 fixere,
944 2117 1004 2172 ὥς
1035 2118 1174 2164 τᾶλλα
1211 2116 1391 2170 οὐδενός
1423 2120 1542 2162 ἐστιν

59 2196 166 2253 ἄξια.
230 2201 319 2250 Egit
345 2200 393 2238 de
416 2199 489 2236 hac
511 2198 767 2246 inscriptione
795 2200 952 2245 praeter
974 2194 1168 2233 Naekium
1200 2195 1223 2231 l.
1246 2207 1278 2230 a.
1306 2206 1342 2242 p.
1365 2196 1442 2231 237
1458 2205 1542 2245 sqq.

58 2273 232 2321 Niesius,
277 2269 360 2307 lnd.
398 2268 485 2306 lect.
527 2267 727 2315 Marburg.
768 2265 926 2302 aestatis
968 2265 1083 2302 1880.
1156 2263 1236 2300 Ian]
1280 2263 1444 2311 primum
1490 2264 1541 2300 vi-

59 2341 231 2388 deamus,
268 2349 358 2375 num
398 2339 503 2373 stare
541 2335 675 2383 possit,
714 2333 751 2370 id
785 2332 890 2382 quod
922 2345 958 2381 p.
987 2334 1065 2369 232
1106 2330 1326 2368 studuimus
1364 2330 1543 2379 probare,

59 2407 250 2446 scholium
287 2417 371 2442 esse
402 2403 650 2452 Didymeum,
683 2401 774 2450 quia
806 2405 843 2437 et
874 2398 979 2448 apud
1012 2399 1265 2446 Hesychium,
1296 2398 1543 2436 Chalcenteri

60 2476 185 2513 lexico
219 2473 365 2511 comico
398 2482 631 2521 quamquam
667 2481 743 2506 non
772 2467 897 2517 ipsum
921 2479 1044 2511 usum,
1076 2465 1158 2503 fere
1183 2465 1319 2503 eadem
1343 2468 1544 2503 exstarent

61 2546 99 2581 et
129 2543 166 2579 in
199 2540 421 2590 proverbiis
453 2536 687 2587 appendicis
720 2535 802 2573 cod.
834 2536 909 2582 ssv,
946 2535 984 2571 in
1017 2546 1132 2582 quam
1172 2532 1354 2570 maiorem
1393 2536 1542 2581 partem

62 2608 361 2659 proverbiorum
385 2605 668 2655 Didymeorum
700 2603 928 2640 translatam
962 2613 1044 2639 esse
1078 2601 1255 2638 vidimus.
1316 2600 1426 2647 Quae
1457 2613 1541 2638 sen—

61 2676 183 2715 tentia
214 2678 320 2713 certe
353 2674 469 2723 cadit,
501 2674 532 2711 si
564 2676 670 2710 recte
702 2671 877 2710 Naekius
910 2673 1020 2720 putat
1057 2669 1170 2707 aliam
1203 2681 1288 2706 esse
1319 2668 1454 2706 scholii
1486 2680 1543 2705 re-

63 2743 300 2790 censionem,
332 2741 443 2778 aliam
475 2739 716 2790 appendicis,
747 2751 833 2776 cum
865 2738 912 2775 de
936 2737 1132 2786 Hesyehio
1165 2736 1262 2774 nihil
1284 2736 1380 2773 certi
1412 2735 1543 2782 addat,

64 2811 111 2849 cf.
143 2823 178 2860 p.
209 2812 300 2848 245.
330 2811 421 2847 247.
451 2811 542 2847 242.
605 2806 677 2845 Sed
713 2807 784 2843 iam
819 2805 1029 2852 videamus,
1062 2807 1191 2843 utrum
1223 2816 1362 2843 revera
1392 2806 1541 2841 tantum
