1815 3231
1455 216 1533 249 0¹35

1456 241 1489 251 u·

58 332 106 366 ος
140 311 305 371 ἤκμασε
346 313 460 358 κατὰ
499 318 649 370 Κῦρον
684 312 764 358 τὸν
799 319 976 373 Πέρσην.
1028 320 1175 372 τρίτη.-
1213 320 1259 361 (1έ
1293 319 1410 361 ἐστιν
1448 316 1536 362 (ἔπι)

58 381 209 438 Κύρου
237 386 416 438 Δαρεῖος
449 386 511 434 (cf.
542 388 627 426 cod.
656 390 693 425 M
724 391 738 426 l
766 383 842 439 με’,
872 392 903 427 L
932 392 982 428 lv
1004 385 1095 441 λη’).
1122 412 1176 416 —
1209 393 1385 441 Denique
1416 393 1537 430 schol.

57 457 156 494 Rau.
179 459 260 496 970
291 456 354 504 (cf.
379 454 431 505 3),
463 457 605 494 Zenob.
635 457 697 505 lV,
722 461 788 501 74;
820 459 988 507 append.
1018 460 1047 496 B
1061 461 1089 496 V
1116 461 1157 507 V,
1180 463 1243 498 ⁴28.

170 538 250 574 Iam
289 537 363 574 hoc
403 538 508 574 certo
547 537 648 574 iacto
687 536 941 575 fundamento
982 551 1067 576 eum
1108 540 1314 588 Didymum
1355 541 1538 577 maximas

57 606 188 654 partes
207 605 243 642 in
261 604 416 642 scholiis
433 616 552 653 agere
577 605 883 654 probaverimus,
909 607 1038 655 paullo
1058 607 1317 645 confidentius
1340 609 1428 645 lIcet
1453 621 1537 658 pro-

57 672 179 721 gredi.
238 672 488 709 Praemittam
523 672 585 708 hic
617 674 744 710 statim
769 675 1000 711 mentionem
1026 675 1220 723 quandam
1253 676 1289 712 in
1313 676 1538 713 universum

58 742 315 789 spectantem.
375 739 500 788 Saepe
533 741 633 777 enim
673 741 709 778 in
742 741 900 778 scholiis
939 742 1202 791 compluribus
1232 744 1326 780 locis
1363 744 1443 781 sere
1477 756 1540 781 ea-

59 807 146 846 dem
184 807 265 845 fere
304 807 438 845 iisdem
472 807 601 845 verbis
638 808 695 845 bis
732 809 791 845 vel
830 810 986 858 saepius
1023 810 1241 848 invenimus
1279 812 1456 860 repetita,
1498 815 1540 848 ut

59 877 175 925 Vesp.
198 878 277 914 502
311 879 349 912 et
380 875 473 924 Lys.
497 877 576 913 619
609 876 646 912 in
680 877 812 924 priore
845 877 990 913 scholio
1013 878 1034 914 1.
1058 880 1232 916 21-26,
1293 880 1422 925 Cuius,
1454 892 1538 917 cum

58 943 145 981 finis
182 942 363 980 diversus
400 943 449 980 sit
483 955 505 979 a
538 943 614 980 {ine
646 943 767 981 schol.
796 945 910 993 Vesp.
941 948 1032 992 502,
1065 945 1084 981 1.
1112 948 1229 994 1—4,
1265 946 1301 982 iu
1337 947 1443 984 initio
1481 960 1541 984 ea-

59 1011 147 1049 dem
178 1011 364 1059 leguntur
395 1022 440 1047 ac
470 1010 559 1055 illie,
598 1011 646 1048 cf.
679 1012 700 1049 1.
730 1014 905 1050 52—55.
966 1014 1056 1060 Fae,
1088 1026 1246 1061 quaeso,
1283 1014 1402 1051 schol.
1428 1015 1541 1063 Vesp.

60 1081 139 1117 502
171 1078 220 1116 ad
253 1078 465 1128 Didymum
498 1078 655 1116 referri:
688 1079 811 1117 oritur
834 1081 1023 1129 quaestio,
1055 1094 1145 1118 num
1175 1094 1218 1118 ea
1250 1094 1350 1129 quae
1379 1082 1426 1118 ad
1451 1083 1541 1130 Lys.

61 1148 139 1185 619
178 1147 358 1195 exposita
394 1149 496 1194 sunt,
533 1147 580 1184 ab
620 1147 757 1185 eodem
790 1147 959 1196 Didymo
997 1149 1149 1197 prolata
1185 1150 1269 1193 siut,
1307 1152 1348 1186 ut
1385 1150 1467 1198 ipse
1504 1150 1540 1186 in

60 1214 340 1252 commentario
372 1214 431 1252 bis
454 1213 536 1252 fere
566 1214 666 1251 idem
690 1215 923 1264 exhibuerit,
954 1229 1001 1253 an
1030 1217 1257 1254 scholiastes
1280 1216 1433 1254 demum
1461 1217 1542 1265 qui-

62 1282 149 1319 dam
180 1294 259 1320 rem
292 1282 374 1319 illie
404 1282 557 1319 allatam
591 1283 653 1320 hic
685 1284 922 1333 repetiverit.
984 1284 1093 1331 Quae
1116 1285 1304 1333 quaestio,
1337 1297 1421 1321 eum
1454 1284 1544 1321 huie

60 1350 238 1398 exemplo
281 1350 477 1400 posterius
518 1351 697 1388 evenisse
739 1354 886 1401 putem,
928 1352 998 1389 nisi
1038 1356 1143 1389 certa
1179 1355 1333 1389 exstant
1368 1352 1546 1400 vestigia,

61 1417 203 1466 quibus
239 1418 551 1456 recentissimum
590 1431 674 1456 esse
713 1419 881 1456 alterum
915 1419 1102 1457 scholium
1140 1419 1340 1469 probatur,
1377 1419 1543 1457 discerni

61 1497 139 1523 non
178 1497 334 1535 semper
370 1488 511 1535 potest,
552 1498 681 1536 neque
718 1499 811 1524 vcro
854 1488 983 1535 magni
1022 1488 1203 1524 momenti
1247 1491 1307 1524 cst
1347 1492 1429 1523 cam
1472 1486 1546 1523 dis-

62 1553 187 1597 cerni3
225 1554 366 1599 etenim
405 1554 488 1591 sive
522 1553 657 1592 eadem
697 1558 788 1592 sunt
824 1555 905 1592 sive
939 1555 1138 1604 aliquanto
1178 1555 1279 1592 inter
1313 1566 1353 1592 se
1392 1554 1548 1591 diversa

61 1621 156 1658 talia
187 1621 347 1667 scholia,
379 1622 410 1659 si
441 1621 490 1659 ad
513 1622 689 1660 ultimum
712 1622 827 1660 finem
859 1623 1022 1671 recedis,
1054 1625 1159 1660 certe
1192 1622 1314 1659 eidem
1345 1621 1547 1659 debentur.

63 1688 188 1736 Quam
220 1689 268 1727 ob
300 1701 380 1727 rem
420 1689 601 1738 equidem
640 1690 736 1728 satis
773 1690 924 1729 habebo
962 1694 999 1728 ct
1034 1691 1071 1728 in
1110 1690 1184 1728 hoc
1221 1691 1347 1738 eapite
1385 1692 1422 1726 et
1459 1702 1546 1727 cum

63 1756 110 1794 de
134 1756 309 1795 fontibus
331 1770 444 1807 agam
478 1758 572 1794 talia
593 1758 741 1796 scholia
773 1770 972 1808 apponere
1004 1759 1140 1807 solum,
1171 1758 1244 1795 hoc
1278 1758 1345 1794 1110
1369 1757 1546 1806 exemplo

9 1876 12 1881 Α
61 1836 144 1862 rem
181 1824 393 1863 illustrans.
458 1825 534 1864 Sed
573 1829 616 1863 ut
652 1825 701 1863 ad
733 1826 833 1863 viam
872 1826 1043 1864 relictam
1082 1826 1338 1874 reflectamus,
1377 1825 1547 1862 vidimus

63 1892 185 1930 schol.
216 1893 312 1931 Rau.
345 1895 426 1932 970
469 1893 519 1930 ad
556 1893 767 1943 Didymum
806 1893 964 1943 referri,
1009 1906 1085 1942 quo
1131 1894 1170 1930 in
1207 1893 1356 1930 scholio
1398 1893 1549 1930 invenis

63 1957 308 2010 καθωμίλει
350 1954 459 2006 τούς
502 1954 682 2011 καιρούς
717 1963 750 1999 V
792 1960 901 2008 (τοῖς
940 1965 1109 2010 καιροῖς
1150 1960 1235 1998 ΘΜ
1275 1960 1414 1999 Suidas
1454 1972 1482 1997 s.
1513 1972 1549 2003 v,

66 2017 366 2078 Άγχίστροφοι
398 2032 436 2066 et
466 2024 747 2080 Θηραμένης),
786 2041 886 2078 quae
924 2029 1153 2076 enuntiatio,
1189 2030 1395 2077 praeterea
1430 2027 1549 2064 semel

64 2095 170 2143 apud
202 2097 448 2134 Athenaeum
490 2096 723 2146 inventa‘ffi),
764 2097 930 2134 recurrit
967 2096 1007 2133 in
1045 2096 1165 2133 schol.
1199 2097 1293 2132 Rau.
1327 2098 1404 2133 541
1445 2096 1468 2132 1.
1500 2098 1547 2132 16

65 2161 343 2213 (καθομιλῶν
374 2168 467 2209 τοῖς
498 2160 699 2215 καιροῖς).
759 2164 862 2211 Quid
894 2165 1013 2212 igitur
1043 2163 1288 2201 verisimilius
1328 2175 1444 2211 quam
1476 2162 1551 2199 hoc

66 2243 223 2280 quoque
255 2232 446 2270 scholium
485 2232 522 2270 in
555 2233 782 2270 universum
813 2232 904 2269 boni
942 2235 980 2269 et
1015 2231 1132 2268 sobrii
1163 2231 1407 2279 grammatici
1445 2231 1550 2278 inge-

64 2299 169 2335 nium
198 2297 443 2345 redolens30)
477 2299 602 2337 eidem
631 2299 800 2348 Didymo
824 2299 953 2343 tribui,
983 2310 1069 2335 cum
1097 2309 1225 2346 neque
1252 2297 1550 2345 transscripturi]

67 2377 152 2403 esse
183 2366 307 2416 possit
338 2366 385 2404 de
415 2368 634 2415 posteriore
666 2367 765 2404 Ran.
796 2366 945 2404 scholio
984 2377 1113 2414 neque
1150 2365 1337 2402 credibile
1368 2364 1417 2402 sit
1454 2363 1552 2402 duos

179 2498 224 2538 2⁸)
261 2496 316 2531 Cf.
341 2499 403 2531 513
419 2497 454 2540 b,
485 2497 547 2531 uhi
574 2496 787 2540 Megaelidis
814 2495 1043 2541 peripatetici
1066 2495 1181 2529 verba
1205 2494 1422 2536 afferuntur-3
1454 2494 1553 2537 apud

68 2551 301 2586 Athenaeum
328 2562 475 2596 quoque
494 2563 575 2586 cum
594 2553 804 2587 accusativo
828 2551 1063 2595 coniungitur
1079 2550 1231 2585 verbum
1250 2551 1486 2591 καθιῃιιιλεῖι·,
1513 2553 1554 2582 ut

69 2609 106 2643 in
129 2609 242 2644 schol.
260 2610 352 2643 Rau.
371 2613 435 2644 970
461 2620 482 2644 a
502 2610 581 2644 eod.
602 2610 632 2642 V
652 2609 855 2644 exhibetur.
897 2610 976 2649 Quo
1001 2609 1038 2642 in
1064 2607 1202 2642 scholio
1227 2617 1308 2640 eum
1332 2607 1405 2639 ΘΜ
1421 2606 1553 2641 Suidas

69 2665 266 2700 exhibeant
290 2670 392 2706 τοῖς
415 2670 626 2710 καιροῖς,
659 2665 758 2709 quod
791 2665 922 2699 iterum
948 2664 1082 2708 legitur
1114 2664 1152 2697 in
1177 2663 1344 2696 omnibus
1370 2662 1554 2696 codicibus

70 2721 183 2755 schol.
202 2721 293 2756 Rau.
313 2724 373 2755 541
403 2726 440 2756 et
464 2722 556 2757 Rau.
577 2725 629 2764 47,
656 2721 769 2756 schol.
788 2721 1007 2764 Didymeum
1033 2720 1125 2754 Rau.
1143 2722 1218 2761 970,
1245 2722 1285 2752 ut
1310 2723 1438 2762 postea
1456 2719 1556 2752 vide-

70 2778 200 2820 bimus,
231 2777 452 2820 adhibentis,
488 2778 546 2813 hie
575 2782 665 2822 puto
700 2777 917 2811 deteriorum
944 2776 1111 2810 codicum
1141 2775 1352 2809 auctoritati
1383 2785 1463 2809 esse
1495 2774 1555 2808 ob-

71 2834 302 2878 sequendum
327 2838 364 2868 et
388 2834 624 2868 scribendum
649 2832 863 2877 καθωμίλει
890 2836 986 2873 1τοῖς
1011 2836 1214 2876 καιροῖς.

1294 2899 1355 2932 16*
