1815 3231
651 825 851 879 Caput
887 829 926 871 Ι.

204 926 270 977 De
304 928 360 979 iis
387 930 560 991 verbiS‚
596 945 716 994 quae
752 946 834 996 per
866 935 1043 998 ellipsin
1081 937 1363 990 obiectorum

485 1023 781 1075 intransitiva
812 1028 919 1076 sunt
947 1028 1092 1078 facta.

156 1158 200 1195 In
233 1159 471 1198 carminibus
503 1162 723 1201 Homericis
755 1167 923 1214 exstant,
959 1170 1147 1214 quantum
1177 1168 1298 1206 video.
1336 1182 1400 1207 sex
1435 1171 1519 1207 sini-

37 1225 154 1274 .plicia
175 1227 307 1275 verba,
335 1227 383 1265 ad
407 1241 508 1277 quae
539 1225 750 1280 διατρίβω
778 1233 942 1283 accedit,
976 1236 1241 1285 nonnullaque
1264 1249 1396 1274 eorum
1420 1251 1518 1275 com—

40 1293 180 1343 posita,
209 1295 247 1332 in
280 1306 431 1333 summa
463 1296 734 1347 duodeviginti
762 1301 895 1350 verba,
931 1314 1097 1349 quorum
1128 1304 1395 1342 intransitivus
1427 1318 1519 1343 usus

41 1359 202 1399 obiectis
233 1362 383 1400 omissis
414 1364 603 1412 paulatim
636 1369 751 1403 natus
779 1372 848 1405 est.
908 1368 1060 1406 Talium
1094 1371 1321 1408 omissorum
1354 1372 1517 1410 obiecto-

39 1439 125 1465 rum
162 1430 342 1477 exempla
379 1434 471 1468 sunt
508 1435 715 1481 quattuor:
759 1427 924 1479 ἵππους
960 1437 1042 1473 sive
1080 1426 1192 1486 ἅρμα
1231 1438 1309 1475 sive
1348 1435 1517 1487 δίφρον,

40 1491 138 1545 νῆα,
168 1486 302 1546 ὕδωρ,
334 1490 511 1547 χρόνον.
574 1500 691 1549 Apud
713 1502 924 1540 Homerum
946 1504 1072 1552 ipsum
1095 1505 1290 1553 quomodo
1313 1508 1517 1544 transitiva

39 1563 144 1601 notio
184 1564 222 1602 in
263 1565 550 1605 intransitivam
592 1569 832 1619 immutetur,
880 1571 991 1608 nobis
1034 1572 1147 1609 etiam
1190 1573 1281 1610 licet
1322 1578 1515 1623 speetarc3

38 1631 130 1680 quin
173 1633 287 1670 etiam
326 1633 434 1672 locos
471 1637 702 1684 reperimus,
743 1650 763 1675 e
799 1638 951 1686 quibus,
992 1639 1317 1688 quemadmodum
1357 1642 1515 1679 verbum

36 1699 285 1738 transitivum
319 1702 533 1740 minutatim
568 1704 662 1752 sive,
694 1708 736 1742 ut
758 1706 811 1742 ita
834 1705 972 1754 dicam,
1003 1719 1100 1755 quos
1130 1720 1198 1755 per
1226 1707 1370 1755 gradus
1401 1721 1514 1757 pene-

37 1767 149 1804 trarit
179 1767 219 1805 in
249 1768 536 1808 intransitivam
569 1783 694 1820 usque
727 1772 1048 1821 designationem,
1081 1786 1285 1823 possumus
1318 1775 1476 1813 discere.

148 1835 220 1872 Illa
247 1839 435 1885 quattuor
465 1837 632 1888 obiecta,
664 1852 763 1889 quae
786 1852 904 1889 supra
926 1842 1134 1890 nominavi,
1165 1840 1213 1879 ad
1247 1841 1512 1890 duodeviginti

35 1901 154 1939 verba
176 1901 494 1951 frequentissime
517 1905 803 1954 adiunguntur.
851 1906 926 1945 Sed
950 1907 987 1944 id
1011 1920 1169 1956 quoqne
1198 1909 1354 1946 evenire
1376 1914 1513 1958 potest,

35 1971 77 2007 ut
107 1981 185 2008 non
217 1970 340 2008 solum
371 1983 490 2010 unum
524 1973 571 2010 de
602 1974 679 2011 illis
712 1975 889 2023 obiectis,
925 1975 991 2012 sed
1023 1976 1136 2013 etiam
1170 1975 1245 2013 duo
1277 1976 1426 2014 obiecta
1464 1978 1511 2015 ad

33 2035 134 2074 idem
166 2038 326 2076 verbum
363 2040 516 2088 possint
552 2041 742 2079 accedere
780 2043 842 2080 ita,
881 2046 922 2080 ut
957 2043 1203 2080 intransitiva
1234 2044 1338 2080 notio
1376 2048 1512 2092 postea

35 2107 170 2142 exorta
196 2105 233 2142 in
264 2104 362 2143 duas
391 2106 654 2155 disgrediatur
679 2109 998 2157 significationes.
1048 2111 1132 2147 Hoc
1156 2110 1197 2147 fit
1224 2124 1255 2148 e.
1277 2123 1307 2147 c.
1334 2111 1371 2148 in
1393 2111 1510 2149 verbo

34 2164 219 2218 ἐλαύνω,
251 2173 290 2210 in
321 2185 399 2222 quo
431 2174 571 2213 obiecti
603 2188 765 2214 munere
795 2177 1009 2214 accusativi
1041 2180 1078 2214 et
1110 2171 1274 2221 ἵππους
1304 2178 1367 2215 vel
1398 2169 1509 2228 ἅρμα

33 2239 96 2277 vel
127 2235 288 2289 δίφρου
320 2244 358 2279 et
389 2239 473 2292 νῆα
505 2244 730 2293 saepissime
763 2243 993 2292 funguntur.

144 2307 198 2345 Ut
226 2308 265 2344 in
297 2309 464 2357 singulis
487 2310 618 2349 verbis
647 2310 889 2360 explicandis
920 2311 1142 2349 accuratius
1171 2310 1508 2349 demonstrabitur.

33 2373 237 2421 obiectum,
270 2376 301 2413 si
333 2388 353 2413 e
376 2379 567 2415 sermonis
593 2382 779 2416 contextu
812 2378 1012 2416 subaudiri
1044 2381 1183 2427 potest,
1215 2377 1351 2416 deesse
1384 2378 1509 2416 debet.

33 2441 144 2489 Quae
166 2443 265 2481 ratio
289 2443 493 2483 omittendi
522 2449 581 2483 est
603 2446 871 2495 brachylogia.
931 2445 998 2484 Sin
1021 2450 1148 2483 autem
1173 2445 1363 2483 obiectum
1387 2447 1507 2483 neuti-

32 2521 147 2558 quam
180 2514 310 2560 potest
341 2524 361 2550 e
390 2514 579 2551 sermonis
607 2516 792 2552 contextu
825 2513 989 2561 elucere,
1028 2514 1175 2562 ellipsis
1202 2513 1411 2551 statuenda
1439 2519 1508 2551 est.

32 2576 162 2626 Atque
194 2591 278 2616 eam
310 2579 462 2629 ellipsin
501 2593 520 2618 e
553 2580 730 2626 Geistii1)
763 2581 962 2626 divisione,
1002 2581 1068 2630 qui
1099 2582 1180 2629 ipse
1218 2585 1295 2618 tres
1327 2580 1506 2629 ellipseos

32 2646 184 2693 speeies
208 2646 423 2696 distinguit,
455 2648 748 2697 grammaticam
775 2648 909 2686 haberi
938 2650 1107 2697 oportet3
1140 2660 1225 2686 nam
1258 2648 1294 2685 in
1317 2659 1505 2695 gramma-

142 2777 170 2818 1)
194 2775 241 2810 A.
260 2775 302 2811 H.
322 2777 359 2811 F.
379 2777 497 2821 Geist‚
524 2778 592 2812 Die
610 2778 750 2822 Ellipse
775 2778 811 2811 in
841 2777 1059 2812 besonderer
1084 2776 1292 2819 Beziehung
1317 2776 1377 2809 aut
1403 2774 1504 2810 ihren

38 2828 230 2866 Gebrauch
255 2832 314 2867 bei
339 2833 473 2877 griech.
491 2833 791 2877 Schriftstellern‚
816 2835 939 2877 Progr.
965 2832 1185 2868 Krotoschin
1217 2836 1307 2874 1555,
1333 2843 1364 2876 p.
1388 2835 1435 2865 14.
