1784 3221
210 191 231 226 6

212 299 288 336 tica
325 295 453 344 ellipsi
492 306 538 331 ex
576 301 711 328 manco
750 281 1028 324 enuntiationis
1066 278 1251 323 membro,
1287 278 1330 313 ut
1365 274 1439 312 hoc
1470 273 1596 322 ipsum
1634 269 1684 306 sit

213 364 443 416 perfectum,
474 354 793 408 cognoscendum
826 354 895 399 est,
926 360 1028 398 quae
1059 345 1165 384 notio
1197 343 1307 381 desit.

327 431 407 467 Ista
437 427 559 464 verba
595 426 711 472 atque
749 421 822 457 ista
859 417 1011 456 obiecta
1047 413 1094 450 ad
1130 408 1251 449 verba
1290 406 1523 446 creberrime
1562 402 1687 454 posita

215 503 292 538 tam
330 497 453 546 spisse
490 496 687 541 tamquam
726 484 1084 533 adstringebantur‚
1124 482 1165 517 ut
1204 480 1414 524 utrumque
1454 472 1503 510 ad
1546 482 1687 509 novam

217 566 413 605 notionem
436 560 633 600 verbalem
663 555 910 594 coalesceret.
952 549 1079 587 Veluti
1107 541 1272 588 ἵππους
1296 542 1361 580 vel
1386 532 1499 591 ἅρμα
1521 530 1689 575 ἐλαύνω

219 632 376 684 proprie
399 628 530 668 sonuit
566 625 693 674 „agito
716 632 850 671 equos,
880 628 1017 656 moveo
1041 611 1239 661 currum“;
1270 609 1455 657 deinceps
1483 618 1567 644 cum
1595 605 1692 642 haec

221 698 401 750 cogitatio
440 697 478 734 in
510 707 551 732 se
582 694 667 741 ipsa
705 688 904 728 contineat
941 685 1043 722 illam
1082 680 1370 730 cogitationem,
1410 688 1457 714 ex
1494 686 1570 723 qua
1607 671 1694 721 quis

222 779 340 806 curru
362 764 526 811 vehitur,
552 760 615 798 vel
636 758 780 796 rectius
802 752 1042 793 tantumdem
1066 749 1205 792 valeat,
1236 747 1423 795 quantum
1446 741 1552 779 notio
1576 749 1696 777 curru

224 832 406 881 vehendi,
438 827 659 868 coniunctio
690 824 895 871 utriusque
923 819 1029 857 vocis
1061 818 1098 854 in
1132 826 1244 853 unam
1272 811 1469 850 verbalem
1500 807 1696 846 notionem

225 900 422 941 confluxit.
482 893 776 933 Substantivum
809 889 972 938 primum
1005 897 1075 934 per
1102 880 1410 929 brachylogiam,
1439 879 1482 914 ut
1508 876 1582 913 iam
1604 872 1698 911 vidi-

227 980 321 1013 mus,
352 962 609 1015 praetermitti
641 960 811 1009 poterat3
840 952 1098 1002 brachylogia
1128 952 1270 992 autem,
1302 948 1345 983 ut
1374 945 1426 982 ita
1457 943 1596 989 dicam,
1625 951 1700 977 me-

228 1027 331 1075 dium
363 1035 461 1071 inter
489 1028 731 1068 transitivam
763 1028 801 1062 et
828 1021 1115 1061 intransitivam
1137 1017 1213 1054 vim
1241 1016 1349 1052 tenet
1380 1014 1418 1050 et
1445 1009 1570 1058 ellipsi
1598 1007 1701 1044 viam

230 1103 342 1154 quasi
378 1097 611 1150 praemunit.
670 1092 828 1141 Ellipsis
867 1091 952 1138 ipsa
991 1087 1063 1125 erit
1101 1081 1335 1122 deducenda
1373 1092 1421 1117 ex
1458 1073 1704 1126 neglegentia

231 1170 399 1222 quadam
437 1163 642 1215 loquendi,
678 1173 757 1210 qua
793 1159 929 1206 lingua
967 1155 1117 1193 Graeca
1153 1148 1357 1188 brevitatis
1396 1143 1550 1183 dicendi
1588 1153 1706 1180 causa

233 1239 366 1277 utitur.
426 1234 575 1283 Aperte
606 1228 783 1268 homines
805 1224 945 1263 Graeci
978 1219 1220 1260 substantivo
1253 1219 1295 1254 ut
1326 1215 1451 1252 minus
1472 1210 1583 1261 gravi
1602 1209 1707 1247 locu-

233 1305 349 1344 tionis
374 1300 556 1344 membro,
589 1297 680 1347 quia
707 1294 868 1332 verbum
901 1294 1019 1329 totam
1049 1288 1132 1326 fere
1160 1286 1243 1323 eius
1264 1282 1342 1320 vim
1373 1282 1411 1319 in
1442 1291 1484 1318 se
1513 1276 1708 1325 recepisse

235 1372 451 1414 videbatur,
488 1368 571 1405 sine
602 1374 743 1413 magna
775 1359 1008 1398 difficultate
1046 1366 1179 1393 carere
1216 1351 1408 1401 poterant.
1467 1346 1552 1384 Nec
1584 1344 1711 1381 minus

236 1441 303 1479 illa
326 1438 509 1487 ellipseos
531 1432 682 1483 species
710 1431 747 1467 in
770 1428 854 1465 aliis
876 1425 1021 1474 linguis
1043 1423 1161 1471 viget.
1221 1417 1323 1456 Satis
1344 1414 1489 1453 habeas
1510 1423 1570 1449 me
1591 1421 1709 1448 unum

237 1505 459 1555 exemplum
481 1501 600 1551 idque
617 1511 637 1537 e
656 1500 789 1536 nostra
805 1495 941 1543 lingua
963 1492 1116 1529 afferre:
1140 1487 1245 1525 notio
1262 1482 1510 1522 intransitiva
1526 1480 1565 1517 in
1582 1476 1713 1515 verbis

245 1575 338 1622 „der
356 1573 487 1611 Reiter
509 1567 616 1606 ὶιέιὶῖιι
644 1563 848 1604 manifesto
874 1573 921 1599 ex
940 1558 1067 1607 ellipsi
1085 1554 1227 1594 obiecti
1253 1552 1344 1599 „das
1361 1547 1482 1588 Ross“
1510 1544 1716 1585 emanavit.

353 1637 605 1679 Substantivo
628 1630 840 1682 aliquando
864 1627 1005 1666 omisso
1038 1622 1222 1662 memoria
1253 1617 1414 1667 originis
1444 1611 1717 1653 intransitivae

242 1708 410 1748 notionis
441 1703 622 1755 perbrevi
655 1703 861 1747 tantopere
886 1694 1096 1733 obscurata
1118 1692 1187 1734 est,
1219 1690 1261 1725 ut
1291 1686 1391 1724 idem
1419 1680 1719 1727 substantivum,

244 1790 321 1828 quo
359 1775 499 1813 omisso
536 1770 699 1808 verbum
741 1766 889 1804 abierat
929 1763 967 1800 in
1006 1761 1080 1797 vim
1125 1754 1427 1797 intransitivam⁷
1469 1750 1598 1787 denuo
1641 1758 1719 1784 non
1771 1734 1772 1748 ¹

246 1843 359 1883 modo
395 1843 434 1879 in
466 1839 598 1877 dativo
631 1828 951 1883 (instrumentali)
988 1830 1123 1878 posset
1153 1823 1265 1868 adici,
1297 1831 1433 1858 verum
1465 1817 1580 1854 etlam
1611 1812 1721 1851 verbi
1770 1837 1771 1867 3

248 1912 463 1950 subiectum
503 1907 598 1945 fieri.
664 1904 838 1951 Quarum
881 1895 1195 1936 coniunctionum
1236 1889 1393 1938 singula
1434 1885 1577 1923 adsunt
1616 1879 1722 1930 apud
1770 1890 1772 1933 ὲ

248 1980 460 2018 Homerum
494 1973 690 2022 exempla:
720 1958 985 2017 παρελαύνω
1017 1957 1219 1999 ἵπποισιν
1254 1955 1293 1995 Ψ
1312 1957 1391 1995 638
1428 1956 1466 1991 et
1497 1948 1602 2001 νηῦς
1633 1944 1724 1986 ἐπι-

252 2043 395 2085 admei
426 2055 451 2081 v
476 2046 553 2081 114
585 2040 649 2088 (cf.
671 2040 846 2076 nostram
870 2034 1079 2071 dictionem
1116 2028 1209 2074 „der
1230 2026 1361 2064 Reiter
1389 2021 1471 2059 halt
1491 2020 1559 2057 mit
1579 2017 1724 2055 seinem

252 2111 432 2158 Rosse“).
499 2109 601 2157 Quin
641 2107 753 2145 etiam
794 2105 922 2141 aetate
959 2095 1259 2149 posthomerica,
1299 2088 1486 2140 imprimis
1523 2087 1562 2123 in
1600 2084 1726 2122 soluta

256 2181 441 2227 oratione,
481 2188 606 2226 usque
643 2174 693 2211 ad
730 2173 877 2210 tantam
918 2179 1014 2205 usus
1051 2164 1269 2202 libertatem
1309 2159 1445 2206 lingua
1481 2154 1634 2192 Graeca
1670 2152 1729 2188 est

255 2258 479 2300 progressa,
518 2248 561 2281 ut
596 2241 716 2280 verba
752 2236 1013 2282 intransitiva,
1053 2243 1168 2281 quae,
1207 2229 1238 2266 si
1275 2224 1462 2273 originem
1500 2232 1634 2259 eorum
1670 2230 1729 2256 re-

259 2316 386 2366 spicis,
426 2314 465 2351 in
505 2313 612 2349 certa
649 2318 742 2346 usus
780 2305 941 2354 regione
972 2299 1119 2339 versari
1157 2295 1361 2337 debebant,
1400 2290 1449 2328 ad
1481 2288 1577 2327 alias
1607 2289 1730 2324 trans-

261 2383 459 2422 ferrentur
487 2379 678 2427 regiones.
729 2375 786 2412 Ita
814 2369 1101 2409 intransitivum
1123 2359 1262 2414 αἴρειν
1283 2354 1510 2410 (proficisci)
1538 2367 1585 2393 ex
1607 2351 1733 2401 ellipsi

262 2448 475 2489 accusativi
512 2437 706 2496 ἄγκυραν
745 2442 922 2478 exortum
960 2441 1033 2484 est·⁷
1070 2436 1143 2471 hoc
1175 2434 1302 2469 autem
1340 2428 1377 2465 in
1409 2436 1527 2474 prosa
1557 2421 1733 2460 oratione
1769 2406 1777 2495 1

265 2531 342 2557 non
380 2516 504 2554 solum
543 2513 591 2550 de
628 2508 870 2560 profectione
908 2504 1114 2549 maritima,
1149 2498 1217 2537 sed
1255 2496 1367 2534 etiam
1406 2492 1453 2530 de
1491 2488 1735 2540 profectione
1769 2494 1773 2497 “

266 2583 441 2625 terrestri
473 2581 624 2619 dicitur.
683 2574 898 2624 Singularis
934 2571 1043 2609 verbi
1082 2566 1201 2615 notio,
1237 2566 1279 2601 ut
1314 2560 1448 2612 paucis
1484 2555 1737 2606 comprehen-
1769 2552 1770 2558 ’

269 2654 370 2701 dam,
405 2651 442 2687 in
482 2648 603 2695 magis
642 2644 862 2682 universam
902 2652 943 2676 se
980 2635 1183 2675 convertit.
1251 2631 1430 2668 Ceterum
1469 2627 1596 2662 aetate
1633 2623 1737 2671 post-

270 2718 468 2758 homerica
499 2715 565 2752 illa
596 2712 763 2751 notionis
793 2707 1004 2757 fluctuatio
1028 2715 1098 2752 per
1129 2699 1278 2747 ellipsin
1312 2694 1449 2733 obiecti
1483 2691 1650 2729 excitata
1688 2687 1738 2726 ad
1768 2721 1774 2732 ,.

273 2787 453 2825 malorem
486 2781 691 2820 Verborum
725 2786 924 2814 numerum
957 2774 1117 2809 GxtssllSss
1147 2769 1215 2807 est,
