1830 3201
306 188 385 225 296

304 299 449 347 sulens‚
490 299 543 336 IV
575 299 597 335 l.
626 301 815 344 31-45,
855 298 960 347 quod
998 302 1156 348 praeter
1193 300 1362 339 comicos
1398 300 1570 351 amplum
1607 301 1780 341 Atthidis

304 366 559 404 Androtionis
585 366 672 404 libri
693 367 751 405 111
773 366 1033 415 fragmentum
1066 368 1179 406 affert
1209 368 1256 406 de
1287 369 1455 418 pecunia
1485 382 1564 419 qua
1593 371 1781 409 multatus

303 436 362 470 est
392 431 675 483 Phormion3¹)‚
706 433 878 483 denique
906 435 937 471 V
965 434 987 471 l.
1010 437 1174 474 45—47
1208 432 1319 484 (RV).
1376 436 1439 474 Ad
1471 437 1638 474 eundem
1670 437 1780 476 deni-

303 513 377 550 que
409 501 579 549 pertinet
610 501 730 539 schol.
752 502 845 550 Lys.
866 503 967 540 804:
1003 499 1212 552 Φορμίων
1245 497 1484 555 στρατηγὸς
1515 497 1685 556 σφόδρα
1716 494 1780 542 εὖ·

302 559 482 617 δόκιμος
510 558 726 605 Άσωπίου
758 562 864 613 υἱός.
924 571 1004 607 Iam
1036 570 1142 620 quod
1174 570 1223 609 ad
1247 571 1374 610 fontes
1402 573 1551 619 attinet,
1583 585 1668 611 cum
1699 585 1780 612 sae-

301 636 387 684 pius
419 636 596 685 comicos,
627 637 746 674 semel
775 637 1059 676 Androtionem
1091 637 1294 677 videamus
1324 639 1540 678 adhibitum
1569 652 1667 691 esse,
1703 641 1779 679 alia

301 715 402 751 quae
439 703 486 741 de
518 704 754 742 Phormione
785 690 1006 743 scholiastis
1046 709 1140 745 nota
1170 710 1272 755 sunt,
1311 707 1452 746 hausta
1483 711 1574 746 sunt
1603 721 1623 747 e
1654 709 1779 747 Thuc-

303 770 348 816 ΙΙ,
376 772 564 819 83-93,
601 772 667 809 ubi
698 784 784 810 cum
817 773 934 822 longe
965 773 1066 812 absit
1104 777 1146 820 ut
1177 786 1310 813 omnes
1341 787 1463 814 naves
1501 775 1683 815 dicantur
1713 777 1779 815 de-

302 840 474 875 structae
507 850 602 888 esse,
637 842 765 877 tamen
803 839 861 877 bis
898 840 946 878 ab
978 841 1155 879 hostibus
1192 844 1415 891 reportasse
1451 842 1530 881 dux
1561 843 1778 882 Athenien-

298 906 396 943 sium
428 909 619 945 narratur.
679 908 757 945 Iam
791 921 910 946 unum
944 910 1129 948 memoria
1161 910 1320 959 dignum
1344 914 1412 949 est.
1471 912 1571 950 Nam
1603 911 1709 961 quod
1740 913 1777 950 in

298 974 420 1011 schol.
437 976 535 1024 Equ.
555 978 634 1014 562
657 976 801 1025 legitur
823 989 910 1015 eum
934 977 1126 1016 delevisse
1149 978 1543 1017 Lacedaemoniorum
1567 992 1687 1018 naves
1704 972 1782 1030 νζ,

299 1042 399 1079 idem
433 1043 573 1081 iterum
605 1044 803 1082 invenitur
838 1044 877 1083 in
908 1045 1030 1083 schol.
1060 1045 1109 1083 ad
1141 1046 1301 1085 Aristid.
1332 1059 1368 1095 p.
1397 1050 1477 1086 230
1508 1060 1543 1085 v.
1571 1050 1633 1087 32.
1662 1050 1713 1087 33
1732 1048 1779 1097 D,

300 1109 361 1147 ubi
396 1110 443 1147 ad
469 1111 608 1149 lemma
636 1102 740 1149 οὔτε
763 1102 900 1162 ὀλίγῳ
921 1109 1132 1158 πλείονας
1165 1115 1202 1151 in
1235 1114 1347 1152 codd.
1369 1116 1437 1152 BD
1469 1115 1668 1165 adscripta
1688 1117 1779 1153 sunt

300 1177 415 1214 haec:
453 1172 500 1214 ἐν
529 1174 609 1227 μὲν
639 1176 690 1227 τῇ
719 1176 916 1232 προτέρᾳ
948 1176 1015 1230 (sc.
1046 1178 1276 1234 ναυμαχίᾳ)
1316 1183 1346 1219 οἱ
1376 1178 1504 1219 ναυσὶ
1540 1181 1614 1231 ᾗς,
1654 1177 1701 1219 ἐν
1733 1178 1779 1219 δὲ

295 1242 348 1292 τῇ
374 1233 537 1297 ὑστέρᾳ
568 1246 625 1295 νζ
654 1251 749 1292 ταῖς
771 1238 920 1292 αὐταῖς
952 1243 1150 1299 ἐνίκησεν
1181 1253 1219 1287 et
1248 1251 1286 1288 in
1310 1250 1431 1288 codic.
1453 1250 1481 1289 G
1509 1250 1778 1300 Thucydideo,

298 1324 384 1350 cum
406 1315 436 1351 B
459 1314 599 1353 habeat
621 1314 690 1363 ὄζ;
722 1316 790 1354 sed
822 1329 907 1354 cum
941 1321 1058 1355 antea
1086 1317 1300 1356 viderimus
1331 1318 1407 1357 alio
1439 1331 1596 1368 quoque
1628 1319 1775 1357 scholio

300 1382 566 1420 recensionem
600 1384 746 1421 codicis
769 1385 796 1422 O
828 1396 915 1422 esse
937 1384 1160 1435 adhibitam,
1192 1398 1359 1436 cumque
1389 1387 1427 1424 in
1450 1386 1510 1424 his
1531 1386 1777 1436 Thucydidis

300 1449 476 1497 partibus
508 1450 593 1488 cod.
620 1451 651 1488 B
683 1438 907 1489 auotoritas
938 1453 1060 1490 maior
1090 1453 1150 1503 sit,
1187 1466 1388 1492 numerum
1421 1452 1471 1501 ὄζ
1501 1455 1687 1492 intactum
1719 1465 1776 1492 re-

298 1515 532 1566 linquemus,
563 1519 675 1556 etiam
705 1519 885 1558 Aristidis
917 1520 1167 1558 scholiastam
1200 1522 1469 1560 recensionem
1501 1521 1586 1560 cod.
1608 1522 1636 1560 O
1666 1534 1776 1560 secu-

297 1586 376 1621 tum
409 1584 584 1624 dicentes
615 1599 711 1625 esse.

410 1652 477 1699 24)
521 1654 647 1692 Schol.
676 1655 748 1693 Av.
776 1658 874 1694 379:
904 1649 981 1701 τὰς
1008 1649 1212 1707 τριήρεις·
1245 1654 1384 1693 ταῦτα
1416 1652 1460 1694 δὲ
1492 1652 1551 1701 εἷς
1572 1656 1776 1707 Συρακο-

297 1715 417 1764 σίους
448 1715 685 1759 αἰνίττεται
727 1712 804 1768 οὓς
834 1719 1042 1774 ἐνίκησαν
1080 1714 1304 1775 Ἀθηναῖοι
1345 1714 1416 1761 διὰ
1450 1717 1502 1761 τὸ
1539 1717 1777 1769 ταπεινοὺς

295 1779 407 1835 ἔχειν
436 1781 542 1832 τοὺς
572 1783 779 1840 πύργους,
811 1791 917 1840 quod
948 1804 1185 1841 quamquam
1214 1795 1332 1841 poeta
1353 1792 1445 1830 talia
1466 1793 1622 1830 omnino
1645 1792 1774 1830 dicere

296 1854 420 1892 noluit
449 1876 503 1880 —
535 1869 662 1906 neque
700 1859 801 1895 enim
840 1859 905 1896 illo
944 1862 1120 1908 tempore
1157 1860 1194 1896 in
1226 1860 1331 1897 bello
1362 1859 1552 1897 Siciliensi
1590 1871 1776 1898 memora—

295 1920 370 1959 bile
401 1923 609 1972 quioquam
648 1929 800 1974 gestum
833 1924 951 1972 est32)
981 1946 1036 1953 -—
1067 1926 1113 1964 ad
1154 1929 1298 1965 certam
1338 1927 1533 1976 quandam
1570 1939 1651 1966 rem
1689 1939 1774 1976 per-

294 1989 417 2027 tinere
454 2004 530 2029 non
562 1992 690 2031 fictam
722 2006 744 2031 a
775 1994 986 2032 scholiasta
1028 1998 1202 2044 apparet.
1263 1994 1508 2044 Quamquam
1539 1995 1660 2033 Verba
1691 2006 1773 2032 cor-

293 2060 409 2105 rupta
440 2070 524 2097 esse
560 2062 665 2099 recte
698 2060 960 2108 Dobreeus33)
997 2062 1104 2108 vidit,
1143 2063 1204 2100 cui
1243 2063 1436 2101 assentior
1476 2061 1581 2112 quod
1619 2063 1775 2112 scripsit

295 2118 338 2158 οἳ
367 2119 574 2177 ἐνίκησαν
610 2118 886 2179 Ἀθηναίους,
918 2142 995 2167 non
1029 2129 1233 2177 assentior,
1264 2129 1369 2178 quod
1400 2120 1636 2174 ταπεινοὺς
1665 2122 1774 2180 πύρ-

294 2201 398 2239 γους
435 2196 574 2233 mutari
607 2196 730 2234 voluit
764 2197 802 2234 in
842 2190 1054 2241 ταπεινὰς
1091 2189 1290 2247 πρώρας,
1328 2209 1412 2235 cum
1444 2198 1613 2247 Etymol.
1642 2197 1775 2246 Magn,

294 2259 448 2300 doctus:
478 2254 665 2314 πύργος·
700 2294 707 2301 .
742 2294 749 2301 .
783 2260 953 2315 λέγεται
976 2260 1021 2301 δὲ
1053 2261 1125 2301 καὶ
1154 2260 1283 2314 μέρος
1304 2275 1346 2301 τι
1367 2261 1477 2310 νέως
1507 2268 1612 2303 recte
1640 2276 1682 2303 se
1710 2265 1772 2302 hic

294 2329 438 2368 habere
474 2323 670 2381 πύργους
706 2335 852 2380 putem.
912 2332 1054 2370 Hausit
1083 2332 1312 2370 scholiastes
1350 2345 1370 2370 e
1399 2333 1523 2370 Thuc.
1545 2333 1627 2381 VII,
1656 2335 1718 2378 36,
1748 2334 1771 2370 2

292 2393 361 2433 καὶ
395 2389 472 2442 τὰς
501 2392 682 2449 πρώρας
712 2397 804 2436 τῶν
835 2397 951 2437 νεών
986 2392 1274 2449 ξυντὲμόντες
1311 2394 1351 2444 ἐς
1383 2393 1566 2437 ἔλασσον
1603 2398 1696 2437 κτλ.
1735 2403 1774 2437 et

292 2467 357 2514 40,
385 2468 408 2504 5
445 2465 508 2512 (cf.
537 2467 649 2505 Diod.
676 2468 781 2517 XIII,
814 2470 875 2517 10,
905 2471 945 2506 2:
981 2461 1058 2512 τας
1084 2460 1264 2518 πρώρας
1295 2465 1386 2504 τῶν
1415 2465 1528 2505 νεῶν
1555 2460 1770 2517 ποιήσατο

293 2529 558 2583 βραχυτέρας
588 2530 662 2571 καὶ
692 2531 1035 2586 ταπεινοτέρας).

348 2630 447 2697 ἾΪῙ)
480 2629 534 2664 De
553 2640 623 2673 qua
641 2640 678 2665 re
704 2629 750 2665 cf.
769 2630 979 2666 Boeekhius
1005 2640 1061 2676 ap.
1082 2630 1312 2674 Meinekium,
1339 2631 1422 2675 Frg.
1440 2631 1565 2666 comio.
1589 2640 1707 2675 graec.
1734 2630 1769 2664 ΙΙ

292 2684 326 2717 ρ’
345 2687 448 2762 (wsb)
482 2720 585 2761 Quod
615 2721 684 2754 iam
709 2720 887 2755 intellexit
919 2720 1135 2765 Clausenus,
1166 2721 1186 2755 1.
1211 2730 1239 2755 a.
1267 2724 1373 2765 1247,
1405 2721 1466 2765 qui
1501 2721 1643 2766 ceteris,
1677 2730 1769 2764 quae

291 2773 328 2807 in
354 2776 491 2809 scholio
516 2776 726 2819 afferuntur,
752 2776 858 2811 fidem
884 2774 979 2811 facit.

402 2833 445 2874 ³³)
478 2833 702 2877 1.a.p.217.
