1815 3231
1469 202 1546 234 203

67 303 105 338 et
136 301 411 339 Eratosthenis
432 301 743 350 Apollodorique
777 306 917 341 mentio
941 306 1017 354 fiat,
1049 320 1157 355 quos.
1190 309 1295 356 qnod
1327 310 1469 346 attinet
1501 309 1546 345 ad

65 370 232 407 aetatem
256 369 426 415 Homeri,
457 369 645 420 imprimis
676 372 795 408 testes
829 372 985 420 prodire
1018 379 1301 424 exspectamus,
1333 377 1458 413 bonae
1483 389 1549 412 no—

67 439 130 474 tae
160 434 335 474 fontibus
367 447 480 474 usum
513 448 598 474 esse
630 437 837 475 Tatianum
872 440 1084 487 contcn‹lo;
1117 454 1243 490 neque
1275 442 1421 491 dubito,
1452 444 1544 492 quin

66 502 291 542 Zenodotus
334 503 407 550 „de
439 504 559 553 po‘csi,
591 505 680 553 vita,
717 508 844 543 aetate
877 507 1058 545 Homeri“
1101 510 1232 558 aliquo
1266 510 1377 548 modo
1416 512 1549 559 egerit.

65 570 144 610 Sed
174 582 346 620 quonam
378 572 417 608 in
449 571 548 609 libro
587 571 658 609 has
690 584 752 610 res
788 573 973 623 attigerit.
1013 588 1173 624 prorsus
1206 590 1275 614 nos
1306 578 1421 626 fugit,
1464 591 1549 615 nam

67 640 196 676 utrum
235 638 487 688 cogitandum
521 639 571 677 sit
610 639 659 678 de
691 640 863 679 editione
896 642 1114 692 Homerica,
1151 645 1210 681 eui
1253 645 1364 682 liuius
1397 647 1551 694 generis

65 706 431 745 commentationem
455 719 582 756 aeque
604 719 650 745 ac
674 707 822 746 dierum
847 709 980 747 Iliadis
1004 713 1331 760 computationem
1357 725 1548 750 annexam

65 774 184 813 fuisse
207 777 348 824 putare
371 775 471 825 licet,
503 788 551 813 an
583 775 632 813 de
654 775 754 814 libro
777 777 867 815 huic
889 779 1072 816 materiae
1095 779 1286 818 destinato
1316 782 1505 829 peculiari
1523 782 1551 826 ¹)

66 855 114 880 an
138 841 186 881 de
208 842 299 892 alio,
328 843 413 892 quis
436 845 496 881 est
518 843 586 892 qui
608 843 825 882 diiudicet?
866 844 941 883 Sed
965 847 1134 895 quaeris,
1161 860 1261 895 quae
1284 847 1462 886 docuerit
1485 850 1551 885 Ze-

65 909 236 949 nodotus
258 910 307 948 de
328 911 451 960 po‘csi,
479 923 638 960 genere,
667 914 796 949 aetate
820 913 987 950 Homeri.
1048 913 1177 963 Atque
1200 914 1549 963 Sengebuschius2)

66 978 223 1027 quidem
262 977 554 1017 demonstrasse
586 978 659 1016 sibi
691 979 800 1017 visus
831 982 890 1017 est
927 981 1168 1019 Zenodotum
1199 982 1236 1019 in
1270 985 1377 1020 textu
1411 984 1551 1021 Ilome-

66 1046 147 1084 rico
170 1046 446 1085 constituendo
476 1046 622 1084 formas
644 1047 792 1085 ionicas
820 1047 955 1085 formis
979 1049 1142 1086 aliarum
1167 1049 1416 1088 dialectorum
1441 1063 1550 1099 prae-

66 1114 204 1152 tulisse
246 1117 285 1152 et
321 1114 536 1152 Homerum
578 1114 762 1153 habuisse
806 1116 949 1154 Ionem.
1017 1117 1198 1154 Attamen
1245 1130 1369 1166 neque
1412 1118 1550 1163 illud'v‘)

66 1193 196 1231 neque
234 1181 309 1220 hoc
348 1182 598 1232 comprobari
637 1183 829 1221 concedes
867 1184 1065 1232 exemplis,
1102 1196 1203 1233 quae
1235 1186 1363 1222 attulit
1400 1186 1461 1223 ille
1493 1187 1552 1223 vir

21 1244 26 1250 ⁸
67 1249 219 1296 doct-us,
250 1251 544 1299 perpensitatis.
604 1249 717 1298 Quae
748 1263 834 1289 cum
867 1252 921 1289 ita
951 1252 1040 1299 sint,
1071 1253 1107 1289 in
1141 1253 1289 1290 incerto
1321 1265 1419 1297 esse,
1453 1266 1551 1302 quas

65 1318 284 1356 sententias
317 1317 540 1356 defenderit
570 1318 805 1366 Zenodotus,
837 1318 1045 1357 contendo.

179 1385 364 1435 Sequitur
395 1388 438 1424 ut
458 1385 507 1424 de
528 1389 732 1435 poetarum
756 1385 1007 1435 editionibus,
1039 1399 1135 1436 quas
1157 1387 1355 1425 Zenodoto
1380 1389 1550 1437 Ephesio

67 1452 350 1491 adscribendas
386 1465 468 1491 esse
506 1453 737 1503 videbimus,
776 1454 1025 1492 disseramus.
1086 1455 1173 1502 Qua
1204 1456 1242 1492 in
1274 1467 1314 1492 re
1346 1455 1552 1493 tractanda

67 1533 91 1558 a
135 1521 425 1570 prolegomenis
470 1521 519 1560 de
566 1521 828 1570 comoedia4),
872 1534 972 1570 quae
1019 1522 1170 1570 dicunt,
1215 1526 1252 1560 et
1297 1523 1343 1560 ab
1396 1524 1551 1560 Ioannis

66 1588 236 1627 Tzetzae
267 1589 506 1628 scholiorum
543 1589 581 1626 in
613 1589 920 1639 Aristophanem
958 1589 1300 1638 prolegomenis5),
1340 1602 1440 1638 quae
1479 1591 1551 1627 ori-

67 1656 170 1706 ginis
210 1656 501 1695 necessitudine
540 1659 633 1695 sunt
676 1658 886 1695 coniuncta
927 1670 1012 1695 cum
1055 1658 1139 1705 illis,
1181 1657 1371 1706 proficisci
1414 1658 1552 1707 placet,

68 1722 184 1771 Ubiss)
216 1737 303 1763 cum
335 1724 520 1763 traditum
553 1726 602 1763 sit
632 1725 905 1763 Alexandrum
928 1725 1111 1763 Aetolum
1144 1726 1394 1775 tragicorum,
1426 1726 1549 1774 Lyco-

66 1793 255 1843 phronem
279 1793 527 1839 comicorum,
549 1793 794 1832 Zenodotum
817 1794 1056 1843 reliquorum
1076 1798 1278 1843 poetarum
1304 1794 1422 1831 libros
1444 1793 1550 1831 iussu

68 1861 172 1911 regis
192 1861 404 1900 Ptolemaei
427 1861 677 1910 Philadelphi
709 1857 955 1911 διορθῶσαι
987 1862 1068 1899 sive
1100 1854 1436 1910 διορθώσασθαι
1470 1862 1552 1898 sive

69 1918 326 1978 ὀρθῶσαιἻ),
373 1929 595 1978 quaeritur,
641 1928 736 1977 quid
778 1929 827 1966 sit
867 1927 1117 1966 statuendum
1166 1928 1212 1966 de
1256 1940 1375 1976 opera
1417 1928 1550 1965 horum

183 2038 209 2076 ¹)
241 2036 298 2072 Of.
315 2035 556 2080 Sengebusch
574 2036 590 2070 Ι
607 2047 641 2080 p.
657 2038 716 2080 243
742 2034 788 2070 ef.
805 2035 1057 2079 Wilamowitz,
1076 2035 1176 2069 Hom.
1192 2034 1407 2069 Untersuch.
1427 2046 1460 2078 p.
1477 2038 1554 2076 253,

177 2093 208 2133 ²)
239 2092 275 2126 II
300 2103 337 2137 p.
356 2095 413 2128 64.

182 2150 212 2193 ³)
248 2148 304 2183 Cf.
329 2151 384 2184 La
407 2148 535 2184 Roche
560 2160 595 2193 p.
614 2151 690 2183 301.

182 2207 211 2247 ⁴)
243 2203 299 2241 Cf.
325 2206 483 2249 Cramer,
508 2205 652 2240 Anecd.
671 2206 750 2240 Par.
769 2204 785 2237 I
811 2215 844 2248 p.
863 2207 903 2247 33
939 2204 979 2237 E.
997 2203 1117 2246 Meier,
1144 2203 1222 2237 Ind.
1246 2204 1328 2238 lect.
1352 2203 1431 2237 Hal.
1451 2207 1553 2246 1840,

69 2261 249 2305 Meineke,
273 2261 331 2297 Fr.
349 2272 439 2296 com.
457 2261 586 2296 Graec.
602 2261 635 2295 Π
660 2273 694 2306 p.
716 2263 818 2303 12343
842 2259 976 2303 Bergk,
1002 2259 1194 2303 Aristoph.
1212 2259 1228 2292 Ι
1254 2270 1287 2302 p.
1307 2258 1463 2293 XXVII.

182 2319 212 2361 ⁵)
243 2317 299 2354 Cf.
324 2318 419 2363 Keil,
450 2318 579 2353 Rhein.
606 2318 698 2352 Mus.
722 2316 775 2351 VI
808 2325 917 2360 pagg.
946 2318 1017 2350 108.
1052 2318 1115 2349 243
1150 2318 1209 2360 (τε
1232 2315 1387 2357 Ritsehl,
1418 2315 1511 2359 Opp.
1536 2316 1551 2348 I

69 2383 178 2418 pagg.
202 2377 274 2409 197.
293 2376 358 2409 223
372 2376 464 2418 sq.);
489 2373 586 2418 Aug.
606 2373 748 2416 Nauck,
773 2374 860 2407 Lex.
880 2371 1037 2405 Vindob.
1063 2383 1096 2415 p.
1115 2373 1200 2414 2333
1230 2370 1459 2405 Studemund
1486 2371 1506 2404 l.
1525 2382 1552 2404 c.

69 2440 106 2474 p.
122 2433 205 2474 25⁰3
230 2430 339 2474 idem,
364 2430 492 2466 Philol.
514 2429 636 2464 XLVI
662 2440 697 2473 p.
718 2433 745 2463 1.

183 2487 213 2531 6)
247 2485 303 2521 Cf.
328 2486 484 2530 Ritseffl,
510 2486 602 2531 Opp.
626 2485 643 2519 I
667 2497 702 2529 p.
720 2488 801 2519 206:
839 2479 1075 2527 Άλὲξανδρος
1099 2478 1118 2517 ὁ
1143 2479 1311 2523 Αἰτωλὸς
1342 2481 1405 2516 καὶ
1431 2479 1553 2516 Λυκό-

72 2555 180 2588 φρων
205 2537 225 2577 ὃ
246 2539 470 2584 Χαλκιδεύς,
504 2538 600 2577 ἀλλὰ
634 2540 699 2576 καὶ
727 2537 936 2584 Ζηνόδοτος
968 2534 988 2574 ὃ
1016 2534 1184 2583 Ἐφέσιος
1211 2567 1217 2573 .
1245 2565 1251 2571 .
1280 2566 1286 2572 .
1312 2567 1318 2573 .
1346 2534 1365 2572 ὃ
1395 2537 1466 2580 μὲν
1491 2541 1555 2582 τῆς

71 2596 293 2646 τραγῳδίας,
319 2595 540 2644 Λυκόφρων
565 2596 603 2634 δὲ
630 2595 696 2638 τὰς
720 2600 785 2641 τῆς
809 2594 1009 2642 κωμῳδίας
1033 2593 1187 2640 βίβλους
1212 2591 1450 2638 διώρθωσαιχ,
1487 2595 1554 2637 Ζη-

71 2652 226 2696 νόδοτος
250 2653 289 2690 δὲ
315 2651 383 2696 τὰς
401 2649 619 2700 Ὁμηρείους
651 2652 716 2688 καὶ
740 2656 816 2687 τῶν
841 2654 986 2686 λοιπῶν
1010 2654 1187 2695 ποιητῶν.
1230 2651 1386 2692 Cramer,
1411 2649 1554 2684 Anecd.

71 2711 185 2746 Par.I
209 2722 245 2755 p.
263 2714 300 2745 6:
326 2708 393 2752 τὰς
418 2709 457 2747 δὲ
482 2707 665 2755 σκηνικὰς
685 2704 922 2753 Ἀλέξανδρός
947 2719 988 2742 τε
1013 2702 1064 2749 ὡς
1089 2703 1215 2751 ἔφθην
1241 2702 1370 2747 εἰπών,
1395 2704 1458 2740 καὶ
1484 2708 1554 2740 Λυ-

72 2764 233 2813 κόφρων
258 2764 545 2812 διωρθώσαντο,
570 2764 637 2807 τὰς
662 2764 699 2801 δὲ
726 2760 925 2808 ποιητικὰς
952 2759 1163 2807 Ζηνόδοτος
1188 2763 1266 2795 κτλ.

185 2824 198 2844 ⁷
248 2820 303 2856 Cf.
329 2821 472 2857 Bitschl
509 2822 536 2857 Ο
595 2849 602 2857 .
628 2821 644 2855 Ι
696 2831 716 2855 a
771 2822 871 2854 .200.
900 2821 976 2853 206.
1003 2821 1076 2852 207.

201 2825 214 2865 )
476 2848 483 2865 ν
541 2833 590 2866 ΡΙ)
670 2832 692 2866 P
718 2830 768 2864 gg
1296 2871 1355 2904 Η*
