1830 3201
314 186 391 220 :52ss

312 295 497 343 equitum.
548 294 587 338 3)
620 293 706 340 Qua
730 293 814 329 vice
846 293 996 340 equites
1026 292 1063 328 in
1095 292 1165 329 hac
1194 305 1235 330 re
1268 293 1391 330 functi
1422 293 1499 331 sint
1531 306 1607 332 non
1638 295 1788 333 intelle-

310 363 430 409 gitur:
477 361 537 397 alii
584 362 724 408 putant
766 360 1051 404 accusantium,
1094 360 1156 396 alii
1200 360 1386 397 iudicum:
1442 363 1623 399 neutrum
1677 363 1788 411 quasi

311 429 516 477 collegium
541 428 671 465 facere
694 429 918 475 potuerunt.
967 426 1007 470 4)
1040 427 1219 475 Denique
1241 427 1393 476 Theop.
1415 427 1549 477 fragm.
1580 441 1656 467 non
1680 431 1790 467 caret

310 496 540 544 suspicione,
584 508 669 532 cum
712 495 826 542 longe
868 494 967 531 absit
1010 494 1057 531 ab
1100 494 1213 532 huius
1254 494 1420 533 hominis
1462 495 1662 545 diligentia
1702 508 1788 534 cum

311 575 439 601 rerum
468 561 751 599 narrandarum
785 566 863 599 tum
887 561 1076 599 sermonis
1097 561 1300 599 iudicialis.
1360 562 1469 609 Quae
1502 575 1588 601 cum
1620 564 1671 601 ita
1702 565 1791 612 sint,

310 643 385 667 non
419 633 539 667 totum
564 630 752 667 scholium
786 629 1042 678 Theopompo
1065 629 1313 667 tribuendum
1338 634 1407 678 est,
1437 630 1505 668 sed
1536 631 1661 669 solum
1690 631 1789 669 illud

310 691 381 733 dn}
417 691 467 734 τὸ
509 686 697 746 ὑβρίζειν
736 690 842 742 τούς
880 690 1039 741 ἱππέας
1079 696 1143 739 (cf.
1176 698 1296 735 schol.
1325 697 1455 747 Equit,
1485 697 1594 748 226),
1635 698 1789 737 nomine

310 766 402 802 hinc
434 765 531 803 falso
563 765 611 802 ad
643 765 757 802 finem
790 764 908 802 totius
930 764 1067 802 scholii
1098 765 1301 803 translato.
1362 765 1472 812 Quae
1505 767 1789 815 argumentatio

311 836 351 870 ut
392 832 488 870 falsa
529 833 581 869 ita
623 845 716 871 vera
757 832 884 870 habet.
954 833 1069 871 Certo
1112 832 1213 870 enim
1257 835 1351 881 puto
1401 833 1592 871 hominem
1633 833 1789 872 doctum

310 901 506 938 cvinxisse
538 912 618 938 rem
651 901 779 949 talem,
811 900 938 949 qualis
961 901 1023 937 hic
1046 903 1238 949 narretur,
1272 901 1427 938 omnino
1450 903 1574 938 actam
1596 914 1672 939 non
1695 913 1792 951 esse,

310 981 387 1016 qua
419 981 504 1005 cum
538 968 730 1006 sententia
766 956 902 1017 utique
934 969 1128 1006 consentit
1159 967 1367 1017 Gilbertus‚
1398 969 1419 1005 l.
1448 982 1480 1006 a.
1514 971 1661 1017 p.139.
1694 972 1790 1018 140;

310 1049 386 1073 non
424 1036 524 1073 idem
563 1036 671 1086 vidit,
709 1036 745 1073 id
786 1035 890 1084 quod
930 1035 1156 1073 Dindortius
1194 1039 1232 1074 et
1269 1036 1466 1074 Gilbertus
1505 1036 1790 1077 iudicaverunt,

310 1103 407 1141 duas
440 1105 501 1141 hic
532 1107 686 1142 exstare
719 1104 1002 1152 explicationes
1034 1103 1134 1141 falso
1162 1104 1198 1141 in
1224 1116 1337 1141 unam
1362 1106 1598 1154 contractas,
1629 1105 1789 1143 alteram

309 1164 527 1222 ἐζημιώθη
555 1192 607 1195 -
635 1164 739 1216 τοὺς
772 1166 942 1217 ἱππέας,
976 1171 1137 1209 alteram
1167 1165 1286 1221 παρὰ
1316 1169 1407 1208 τῶν
1436 1192 1488 1196 ——-
1514 1164 1790 1222 Θεόπομπος,

310 1252 411 1288 quae
443 1240 543 1277 inter
575 1252 616 1277 se
648 1239 827 1277 distincte
860 1242 950 1277 sunt
982 1239 1276 1277 discernendae.
1339 1241 1417 1277 Iam
1457 1252 1541 1278 cum
1574 1240 1791 1289 posteriore

309 1306 583 1355 coniungenda
627 1319 672 1344 ea
713 1319 812 1355 quae
852 1307 889 1344 in
931 1305 1038 1343 initio
1081 1309 1249 1344 exstant:
1300 1297 1536 1356 ἀπλήστως
1579 1296 1791 1357 ἀλλότρια

308 1367 579 1424 καταφαγών
611 1367 815 1424 ἐξήμεσεν
845 1363 973 1410 aiu}-
1016 1363 1113 1410 ἀντὶ
1145 1370 1226 1410 τοῦ
1260 1370 1423 1423 κλέψας
1455 1371 1527 1411 καὶ
1559 1368 1792 1412 καταπιών

309 1433 552 1488 (ἱπέδοηεν,
585 1455 672 1480 nam
706 1454 791 1479 cum
816 1442 886 1479 hac
909 1442 1172 1491 explicatione
1203 1443 1386 1491 congruit
1413 1442 1659 1492 Theopompi
1685 1443 1792 1481 testi-

310 1511 494 1548 monium.
555 1510 707 1557 Quibus
729 1509 845 1548 rebus
868 1510 1033 1558 cognitis
1065 1510 1177 1547 simul
1210 1512 1360 1548 constat
1381 1510 1627 1559 Theopompi
1650 1522 1790 1548 nomen

312 1577 358 1614 ad
392 1578 500 1626 prius
530 1578 734 1625 scholium,
772 1577 808 1614 id
842 1577 946 1626 quod
981 1577 1134 1626 putavit
1166 1577 1682 1626 Muellerus·Struebingius,
1714 1590 1791 1615 non

311 1657 426 1693 posse
458 1646 663 1693 pertinere,
695 1657 781 1682 cum
806 1644 878 1682 hoc
903 1644 1000 1681 nihil
1023 1644 1072 1681 sit
1104 1645 1174 1682 nisi
1198 1645 1586 1693 interpretamentum
1610 1657 1629 1682 e
1651 1647 1791 1694 poetae

308 1713 427 1760 ipsius
459 1713 587 1750 verbis
619 1713 799 1750 haustum
833 1711 937 1761 quod
969 1712 1030 1749 vel
1062 1714 1169 1760 patet
1199 1712 1265 1749 illo
1299 1705 1370 1749 διὰ
1396 1705 1447 1749 τὸ
1469 1701 1660 1762 ὑβρίζειν
1687 1705 1791 1757 τοὺς

309 1774 480 1825 ἱππέας,
522 1792 612 1829 quo,
655 1792 740 1817 cun]
780 1779 891 1817 nimis
923 1779 1159 1828 generaliter
1190 1779 1335 1817 dictum
1368 1780 1428 1829 sit,
1469 1780 1656 1828 probatur
1696 1780 1790 1817 certi

309 1847 518 1896 quicquam
561 1847 609 1885 de
649 1848 721 1885 hac
759 1859 799 1884 re
842 1859 917 1884 non
959 1846 1156 1895 cognitum
1189 1846 1307 1884 fuisse
1350 1847 1592 1885 scholiastae.
1652 1848 1791 1896 Neque

309 1915 492 1952 maiorem
531 1914 621 1952 huic
658 1915 712 1952 rei
752 1913 953 1952 scientiam
998 1913 1119 1951 fuisse
1159 1913 1392 1951 scholiastae
1434 1914 1482 1952 ad
1525 1914 1620 1952 Ach.
1650 1916 1675 1952 8
1717 1914 1791 1951 iam

309 1985 425 2019 antea
463 1982 639 2020 vidimus.
706 1982 811 2030 Ergo
849 1982 1169 2030 Tlieopompeum
1211 1984 1332 2019 restat
1374 1974 1494 2031 παρὰ
1530 1979 1623 2017 τῶν
1666 1993 1790 2030 usque

310 2049 359 2086 ad
392 2048 518 2098 finem,
549 2049 617 2087 sed
652 2049 724 2086 hoc
756 2049 881 2098 ipsum
913 2060 998 2086 esse
1018 2048 1264 2098 Theopompi
1296 2061 1412 2097 quam
1436 2049 1600 2086 maxime
1632 2049 1792 2098 negavit

309 2116 423 2154 homo
456 2116 604 2165 doctus,
636 2129 750 2165 quem
782 2117 855 2153 iam
878 2118 992 2153 antea
1016 2115 1095 2153 dixi
1128 2118 1232 2154 recte
1256 2127 1420 2164 negasse
1443 2128 1522 2154 rem
1546 2116 1598 2153 ita
1619 2116 1790 2165 potuisse

309 2184 498 2222 accidere.
559 2185 675 2222 Dicat
697 2184 904 2232 quispiam:
938 2185 1042 2220 certe
1066 2195 1142 2220 non
1166 2184 1220 2220 ita
1241 2182 1393 2230 accidit,
1415 2183 1484 2221 sed
1506 2183 1791 2232 Theopompus

309 2250 476 2289 sortasse
515 2252 663 2288 comico
696 2251 779 2299 ipso
813 2262 904 2288 usus
942 2262 1023 2287 eam
1063 2250 1115 2287 ita
1151 2249 1343 2287 accidisse
1381 2250 1462 2298 ipse
1495 2250 1671 2295 credidit,
1710 2251 1791 2300 ipse

312 2319 496 2355 narravit.
556 2318 628 2357 Sed
662 2321 741 2355 tum
774 2318 877 2355 hunc
911 2317 1137 2355 historicum
1170 2329 1285 2365 quem
1314 2329 1446 2355 omnes
1474 2318 1602 2355 solent
1631 2317 1791 2355 laudare

312 2397 436 2433 nugas
459 2386 585 2433 egisse
608 2384 875 2429 crederemus3
908 2396 1005 2433 quas
1037 2396 1123 2421 cum
1150 2386 1326 2433 pugnent
1358 2397 1443 2421 cum
1467 2385 1653 2422 institutis
1674 2384 1791 2421 Athe-

311 2452 499 2489 niensium
533 2452 566 2489 ei
599 2452 766 2501 cognitis
804 2455 909 2489 certe
949 2464 1025 2489 non
1059 2449 1200 2500 egit.35)
1262 2451 1372 2498 Quae
1413 2463 1499 2488 cum
1538 2451 1791 2489 intellexisset

310 2518 520 2567 Gilbertus,
552 2519 575 2555 l.
605 2531 636 2555 a.
669 2532 704 2567 p.
730 2521 818 2557 139.
850 2521 938 2565 140,
972 2521 1012 2555 ut
1043 2519 1150 2567 prius
1183 2519 1234 2555 ita
1265 2518 1338 2555 hoc
1361 2518 1550 2556 scholium
1582 2518 1788 2556 autosche-

310 2585 455 2622 diasma
485 2597 570 2623 esse
602 2589 720 2633 ratus,
751 2598 891 2622 nomen
913 2585 1158 2632 Theopompi
1190 2585 1238 2622 ab
1262 2597 1307 2621 eo
1330 2585 1394 2633 qui
1419 2584 1567 2622 scholia
1590 2584 1790 2633 redegerit

421 2683 464 2720 ³5)
496 2681 676 2715 Comicum
702 2680 989 2722 Theopompum,
1016 2680 1052 2713 id
1078 2680 1175 2722 quod
1202 2679 1333 2722 aliquis
1360 2680 1555 2722 putaverit,
1581 2689 1652 2712 non
1679 2689 1789 2722 posse
1829 2723 1830 2727 Ἰ

309 2736 533 2769 intellectum
568 2746 660 2777 esse,
693 2736 777 2768 inde
810 2740 921 2778 patet,
958 2735 1057 2778 quod
1091 2735 1148 2768 hic
1173 2739 1336 2769 extrema
1362 2739 1499 2769 tantum
1528 2735 1789 2778 Aristophanis
1829 2743 1830 2774 l

310 2795 472 2833 tempora
490 2794 675 2834 spectasse
695 2790 840 2823 videtur
862 2790 921 2833 (cf.
941 2790 1160 2831 Meinekius,
1185 2789 1279 2824 Hist.
1298 2790 1376 2823 crit.
1396 2800 1486 2824 com.
1505 2799 1622 2832 graec.
1641 2800 1674 2833 p.
1694 2792 1787 2833 230).
