1830 3201
314 194 392 231 378

314 304 439 352 modo,
481 304 648 341 Charino
689 302 856 351 quodam
895 304 1054 347 ferente,
1096 303 1206 340 cuius
1245 303 1364 341 verba
1405 303 1509 352 apud
1541 303 1641 340 Plut.
1679 305 1716 340 et
1753 303 1791 340 in

316 371 436 409 schol.
457 372 547 408 Pac.
572 372 663 408 246.
692 371 770 419 609
802 372 959 407 servata
990 373 1080 408 sunt

428 451 507 486 Iam
547 461 633 486 cum
672 448 776 486 hunc
813 448 894 486 fere
932 448 1051 486 fuisse
1088 461 1216 486 rerum
1257 448 1433 486 ordinem
1476 461 1498 485 a
1535 449 1793 498 scriptoribus

317 518 502 554 certiores
524 515 674 564 fiamus,
696 515 965 564 Holzapfelius
987 516 1190 553 refutatur.
1250 516 1299 553 Et
1320 517 1485 564 primum
1508 516 1665 565 quidem
1688 515 1792 565 quod

314 583 569 632 Thucydides
603 584 699 620 nihil
732 584 844 621 affert
875 582 922 620 de
954 584 1028 620 hoc
1050 584 1174 621 altero
1197 583 1366 631 decreto,
1399 596 1514 631 quem
1546 584 1584 620 111
1618 584 1675 620 1115
1707 595 1794 631 par-

314 652 417 689 tibus
448 651 542 688 satis
571 651 727 688 brevem
760 663 845 688 6556
877 655 981 689 recte
1004 650 1281 688 animadvertit
1305 649 1676 698 Wilamowitzius7),
1706 651 1796 688 inde

315 718 606 756 excusationem
649 718 766 756 habet
812 717 918 766 quod
966 718 1013 755 ad
1062 719 1188 766 ipsum
1230 718 1375 756 bellum
1417 718 1794 766 Peloponnesiacum

316 786 443 834 magni
478 787 657 823 momenti
690 798 766 823 11011
800 789 877 829 651;
911 785 1017 834 quod
1049 789 1177 823 autem
1210 789 1369 834 propter
1391 785 1497 824 locos
1519 785 1606 823 illos
1637 785 1795 833 Thucy-

316 852 450 890 dideos
483 853 530 902 ΙΙ,
557 855 620 897 31,
649 856 671 891 3
711 856 748 889 et
786 853 849 901 lV,
877 855 942 901 66,
974 855 993 890 1
1037 853 1160 900 legem
1202 853 1399 889 inventam
1433 863 1515 890 esse
1558 851 1650 889 dicit
1682 852 1797 890 Holz·

314 921 494 970 apselius,
526 920 720 958 sententia
752 923 809 957 est
840 920 956 958 valde
984 920 1203 966 artificiosa,
1238 933 1324 958 cum
1357 933 1376 958 6
1399 921 1598 958 contrario
1629 920 1794 957 invasio-

317 1002 383 1025 nes
415 988 502 1024 illas
533 999 685 1024 annuas
716 987 802 1036 lege
836 993 993 1025 sanctas
1025 999 1111 1025 6556
1142 1000 1258 1036 quam
1282 988 1447 1025 maxime
1469 987 1654 1026 arrideat.
1712 987 1793 1024 Iam

316 1056 364 1093 ad
397 1055 560 1093 hominis
592 1055 694 1092 docti
727 1067 864 1092 causas
898 1055 1141 1093 accedamus.
1202 1055 1374 1102 Quarum
1397 1056 1558 1104 primam
1591 1068 1612 1092 a
1639 1067 1682 1094 re
1713 1056 1798 1104 ipsa

321 1123 437 1161 sumit
468 1136 502 1172 p.
528 1126 618 1172 177,
650 1135 736 1160 611111
760 1126 878 1172 neget
898 1123 1220 1161 Anthemocritus
1252 1124 1281 1160 si
1304 1123 1536 1161 interfectus
1558 1126 1660 1161 65561
1690 1123 1794 1160 Ρ1111-

317 1193 475 1229 archum
510 1192 588 1229 ullo
622 1191 733 1229 modo
766 1191 907 1229 Pericli
940 1192 1084 1229 crimen
1119 1191 1208 1229 belli
1240 1191 1334 1228 facti
1364 1190 1534 1229 tribuere
1566 1202 1693 1240 posse,
1729 1190 1797 1228 sed

319 1260 408 1297 solis
440 1259 737 1308 Megarensibus
769 1258 869 1308 (cap.
899 1261 950 1297 29
983 1259 1054 1296 sub
1086 1258 1190 1305 fine).
1249 1257 1325 1296 Sed
1358 1271 1440 1308 cur,
1479 1270 1557 1296 non
1589 1262 1798 1307 antequam

319 1327 637 1365 Anthemocritus
675 1326 813 1364 missus
850 1331 888 1364 61
925 1326 1155 1364 interfectus
1187 1330 1258 1374 651,
1294 1327 1403 1376 prius
1441 1326 1640 1364 decretum
1678 1326 1799 1363 Lace-

319 1394 533 1432 daemoniis
570 1393 793 1442 petentibus
831 1393 1013 1431 sustulit?
1070 1394 1159 1431 Non
1197 1394 1323 1431 minus
1365 1394 1511 1431 cadunt
1552 1405 1622 1431 636
1659 1404 1799 1430 causae

318 1475 418 1510 quae
450 1475 470 1499 e
501 1462 689 1511 temporis
720 1461 935 1499 rationibus
968 1461 1097 1498 hausit
1134 1461 1246 1498 homo
1281 1460 1429 1498 doctus.
1491 1460 1598 1508 Quas
1630 1460 1800 1498 rationes

319 1542 555 1579 quamquam
595 1532 699 1567 certo
738 1529 888 1567 definiri
928 1532 1131 1578 nequeunt
1171 1528 1422 1566 nihilominus
1459 1529 1511 1565 ita
1549 1540 1590 1565 56
1627 1527 1800 1576 potuisse

321 1597 463 1635 habere
496 1601 537 1635 ut
568 1600 682 1634 antea
714 1597 976 1646 exposuimus,
1006 1597 1120 1634 immo
1152 1608 1192 1634 re
1216 1608 1309 1634 vera
1340 1597 1393 1634 ita
1423 1607 1466 1633 56
1499 1595 1683 1633 habuisse
1713 1607 1801 1644 pro-

320 1665 448 1702 babile
480 1676 563 1702 esse
596 1677 708 1702 nemo
741 1664 910 1713 negabit.
971 1664 1051 1701 Iam
1085 1666 1198 1713 putat
1220 1663 1492 1712 Holzapfelius
1524 1675 1558 1711 p.
1585 1663 1662 1700 179
1694 1661 1800 1710 quod

320 1732 658 1770 Anthemocritum
696 1737 785 1769 ante
823 1732 976 1769 tertiam
1013 1731 1247 1780 legationem
1288 1731 1446 1768 missum
1477 1742 1562 1768 esse
1603 1730 1802 1779 legeretur

323 1801 395 1838 hoc
427 1812 512 1837 cum
544 1800 599 1837 rei
634 1800 800 1837 veritate
833 1811 1022 1848 pugnare,
1059 1811 1144 1836 cum
1177 1799 1389 1847 decretum,
1428 1797 1532 1847 quod
1571 1810 1647 1835 non
1685 1797 1801 1834 nimio

323 1870 498 1916 tempore
530 1870 619 1915 post
650 1867 733 1904 61115
765 1869 926 1904 mortem
960 1866 1091 1903 datum
1124 1877 1206 1903 esse
1238 1878 1258 1903 e
1289 1862 1479 1915 ταφῆναι
1511 1863 1606 1901 κτλ.
1643 1867 1797 1912 pateret

323 1936 394 1972 nisi
426 1938 515 1984 post
537 1935 678 1972 bellum
701 1937 877 1972 exortum
911 1934 1031 1971 latum
1064 1945 1150 1971 esse
1183 1946 1258 1970 non
1291 1935 1434 1982 posset.
1494 1932 1604 1979 Quae
1626 1931 1673 1968 iis
1701 1943 1802 1980 quae

323 2006 438 2040 antea
478 2001 525 2039 de
558 2006 732 2050 tempore
770 2001 932 2050 exposui
969 2001 1083 2038 facile
1120 2004 1385 2048 removentur,
1421 2000 1562 2048 quibus
1600 1999 1804 2048 praeconis

324 2083 428 2108 mors
460 2074 497 2107 61
529 2070 683 2107 tertium
717 2069 913 2107 decretum
948 2069 1039 2106 satis
1063 2069 1136 2106 sibi
1160 2069 1544 2118 appropinquantur.
1601 2067 1707 2104 Idem
1739 2079 1804 2103 va-

323 2138 375 2175 let
417 2137 463 2174 de
497 2137 611 2175 tertia
644 2149 762 2174 causa
800 2149 914 2185 quam
954 2137 1069 2174 affert
1109 2149 1144 2185 p.
1174 2138 1262 2174 181.
1325 2135 1490 2184 Etenim,
1530 2134 1595 2181 ait,
1634 2146 1681 2171 ne
1715 2137 1805 2182 post

327 2204 541 2242 secundam
565 2203 721 2253 quidem
744 2204 1146 2242 Lacedaemoniorum
1170 2204 1404 2251 legationem
1438 2203 1529 2252 poni
1550 2204 1679 2251 potest
1710 2201 1806 2239 Cha·
1829 2249 1830 2253 Ἰ

324 2273 399 2310 11111
430 2273 512 2315 lex3
544 2272 781 2309 Plutarchus
813 2272 912 2309 enim
946 2283 1030 2309 cum
1063 2271 1208 2309 diserte
1229 2270 1375 2308 indicet
1406 2272 1640 2319 cap-30,1:
1675 2269 1804 2313 „Peri-
1829 2257 1830 2299 l

325 2340 402 2376 cles
426 2330 557 2376 οὐδέν
578 2350 619 2376 τι
640 2336 816 2388 μᾶλλον
837 2333 1076 2376 ἐνέδωκευ“
1113 2350 1242 2375 secum
1264 2337 1350 2386 ipse
1374 2339 1581 2386 pugnaret,
1610 2335 1641 2373 si
1664 2334 1803 2373 deinde

331 2406 557 2444 ostenderet
587 2406 781 2443 Periclem
813 2407 952 2443 iterum
985 2406 1153 2455 legatum
1178 2406 1403 2442 mittentem.
1463 2404 1514 2441 At
1544 2403 1633 2451 quis
1664 2394 1830 2458 (11116111Ι

328 2474 518 2511 Periclem
564 2485 707 2510 morem
751 2473 920 2522 gessisse
963 2472 1008 2510 iis
1056 2484 1157 2521 quae
1200 2471 1501 2510 Lacedaemonii
1551 2459 1830 2520 postularent,⁴

328 2552 412 2578 cum
465 2541 636 2590 legatum
688 2540 858 2578 mitteret
908 2544 1157 2578 accusantem
1209 2541 1461 2587 Megarenses
1512 2536 1617 2586 quod
1668 2547 1802 2584 agrum

330 2620 479 2644 sacrum
514 2608 754 2644 coluissent?
805 2607 917 2645 Cadit
947 2607 1059 2644 etiam
1089 2610 1229 2660 quarta
1257 2617 1385 2650 causa,
1417 2603 1573 2642 omnino
1606 2615 1683 2641 non
1705 2602 1803 2639 veri-
1828 2620 1830 2678 1

329 2675 449 2711 51111116
471 2686 555 2711 6556
588 2674 634 2711 de
657 2674 731 2711 hoc
753 2674 963 2722 opprobrio
996 2674 1170 2722 legatum
1202 2684 1279 2710 una
1302 2684 1390 2710 cum
1412 2671 1614 2720 Spartanis
1646 2670 1801 2706 missum
1826 2680 1830 2736 1

444 2804 472 2843 ⁷)
506 2800 559 2835 Cf.
586 2802 702 2834 Curae
728 2801 892 2846 Thucyd.
918 2812 953 2844 p.
974 2804 1023 2834 17.
