1815 3231
1452 183 1493 215 :21

27 280 146 320 iurias
177 295 199 320 a
226 280 337 320 vobis
367 281 447 320 fieri
486 281 609 320 nolint
640 282 718 331 pati
758 296 855 321 neve
893 283 1103 333 impunitas
1140 286 1372 326 dimittant&
1436 292 1502 327 llis·v

27 349 205 400 profecto
242 349 403 387 verbum
443 350 642 399 absolute,
689 351 710 388 i.
742 364 772 388 e.
809 351 892 388 sine
932 355 1037 390 certo
1076 355 1228 393 obiecto
1272 357 1502 395 collocatum

27 420 95 456 est.
156 418 410 466 Quapropter
442 418 599 456 Ameisii
632 419 903 468 interpretatio
937 421 1074 465 „einen
1112 423 1318 470 Umschlag
1359 425 1504 463 liei-bei<

27 484 192 523 fiihren“
229 485 320 522 mihi
354 486 519 523 maxime
552 486 708 524 arridet.
771 486 1084 536 Haudquaquam
1118 494 1243 527 tamen
1284 493 1372 529 licet
1404 495 1503 540 ‹eogi-

27 552 101 590 tari
124 553 171 590 de
188 553 340 591 obiecto
364 547 480 589 κακίι
498 547 602 603 ἔργα
623 554 907 604 subaudiendo,
931 556 1035 604 quod
1060 558 1220 595 Faesius
1243 572 1285 595 av
1306 560 1504 598 Funekins

27 621 50 657 l.
78 620 99 657 l.
132 620 180 658 ad
211 616 571 670 μεταστρέψωσιν
601 621 763 659 trahunt
800 623 1041 670 explicantes
1084 624 1170 669 „die
1210 626 1327 664 bosen
1363 628 1504 665 Wcrke

6 700 154 737 ¹gegen
178 688 277 726 euch
310 687 540 738 umkehren,
572 687 639 726 auf
667 689 766 726 euch
799 689 1068 728 zuriickfallen
1094 692 1259 730 lassen“.
1319 694 1392 732 Sed
1427 695 1504 732 ubi-

27 767 115 793 nam
146 755 184 793 in
208 756 387 794 versibus
416 757 492 794 illis
520 756 618 793 illud
646 769 795 805 „gegen
821 757 943 795 eucl1⁴⁴
977 758 1187 796 indicatum
1212 764 1296 798 est?
1338 763 1379 798 In
1403 763 1505 799 nuda

30 823 200 862 dictione
238 820 552 874 μεταστρέφειν
587 814 702 861 κακιί
739 818 840 874 ἔργα
882 826 975 863 illud
1022 839 1170 876 „gegen
1210 829 1332 865 euelN‘
1379 831 1505 867 inesse

29 891 176 940 nequit.
236 892 449 929 Praeterea
480 891 598 929 dictio
628 888 941 942 (mummi-'rpem‘
973 888 1074 943 Ξ-’ργα
1115 895 1318 933 Homerica
1350 897 1503 945 quidem

29 971 106 997 non
146 958 304 997 videtur
341 971 443 1008 esse,
482 960 629 1009 quippe
667 972 767 1008 quae
807 960 918 997 nimis
956 961 1164 999 artificiosa
1203 963 1250 999 sit
1287 976 1414 1012 neque
1454 965 1505 1001 in-

29 1027 144 1076 genio
177 1027 335 1065 Homeri
373 1030 476 1075 apta.
536 1028 732 1076 Denique,
771 1030 812 1065 ut
843 1029 1031 1066 Nitzsehii
1065 1030 1362 1078 explicationem
1401 1044 1506 1070 ,νυν-

29 1093 184 1143 gelten“
220 1095 420 1144 attingam,
453 1095 782 1144 quemadmodum
816 1108 861 1133 ex
895 1096 1052 1134 notione
1088 1098 1366 1142 „umwenden‘⁴
1403 1100 1506 1136 notio

34 1162 288 1212 „vergelten“
325 1162 484 1210 oriatur,
515 1163 798 1212 perobscurum
833 1167 902 1201 est.

144 1242 324 1291 Denique
356 1254 470 1291 agam
503 1241 551 1280 de

571 1363 610 1406 C.
650 1354 973 1416 ὑποστρέφω.

143 1445 272 1485 Semel
309 1446 578 1484 tantummodo
620 1446 813 1484 obiectum
855 1440 1018 1491 ἵππους
1055 1447 1225 1496 epitheto
1264 1449 1415 1485 ornanti
1455 1448 1508 1485 in-

31 1516 223 1552 structum
261 1514 457 1563 reperitur
494 1513 534 1551 E
559 1516 655 1553 581:
694 1502 716 1550 ὃ
750 1504 792 1551 δ’
818 1505 1055 1564 ὗπε-’στρεφε
1094 1506 1295 1564 μώνυχας
1335 1510 1507 1559 ἵππους.

32 1583 193 1620 Praeter
239 1582 344 1620 hunc
388 1582 513 1620 locum
557 1582 718 1619 verbum
767 1594 962 1632 nusquam
1008 1581 1105 1620 alias
1149 1582 1252 1632 apud
1298 1583 1507 1620 Homerum

31 1650 236 1688 transitive
268 1653 501 1699 usurpatum
533 1654 605 1687 est.

145 1717 323 1766 Reliquis
346 1718 443 1755 locis
466 1718 686 1755 Homericis
718 1716 970 1755 intransitiva
992 1717 1097 1754 notio
1125 1717 1331 1754 invenitur.
1382 1716 1431 1754 M
1450 1719 1510 1754 71:

32 1780 68 1822 εἰ
100 1780 147 1822 δέ
172 1774 211 1835 χ’
231 1773 567 1835 ὑποστρέψωσι,
605 1780 816 1833 παλίωξις
854 1780 897 1821 (δὲ
937 1780 1135 1834 *sirmam
1177 1784 1209 1819 θ
1238 1786 1333 1822 301;
1370 1774 1477 1832 ἦλθε

119 1883 126 1890 .
158 1839 281 1899 αὖτις
308 1844 590 1903 ὑποστρέψας
619 1849 728 1901 πρὶν
750 1843 932 1902 Λήμνου
959 1855 1087 1901 γαῖαν
1116 1846 1304 1899 ἱκε’σθιει;
1347 1852 1510 1888 termino

32 1920 82 1958 ad
110 1933 238 1970 quem,
269 1933 384 1970 quem
407 1923 562 1966 vocant,
594 1919 725 1957 addito
756 1918 909 1957 F4o7:
944 1910 1044 1969 μηδ’
1064 1913 1126 1955 ἔτι
1158 1921 1271 1954 σοῖσι
1302 1908 1512 1954 πόδεσσιν

32 1975 356 2039 ὑποστρέψειας
371 1980 611 2037 ’Όλυμπου;
654 1986 690 2025 Λ
712 1990 809 2025 446:
841 1983 909 2023 καὶ
936 1975 958 2022 ὁ
981 1981 1059 2035 μὲν
1081 1975 1241 2035 φύγαὸ’
1259 1971 1378 2028 αὖτις
1403 1974 1510 2021 ὑπο-

33 2051 222 2106 στρέψας
245 2048 449 2106 ἐβεβήκει.
502 2055 691 2094 Omnibus
718 2054 812 2092 locis
844 2054 1006 2091 verbum
1038 2053 1276 2102 generaliter
1307 2052 1353 2089 de
1375 2064 1510 2098 gressu

35 2122 316 2170 convertendo,
346 2122 446 2172 pede
476 2122 697 2167 referendo,
730 2122 752 2158 i.
780 2134 810 2159 e.
842 2120 1075 2158 revertendo
1108 2119 1253 2157 dictum
1285 2122 1351 2156 est.

147 2191 319 2229 Proinde
351 2194 439 2240 post
461 2191 674 2228 Homerum
708 2201 793 2226 eum
822 2188 926 2237 apud
949 2190 1084 2237 poetas
1115 2191 1195 2224 tum
1225 2186 1328 2236 apud
1351 2187 1512 2235 scripto-

35 2270 98 2296 res
129 2261 168 2296 et
190 2259 414 2308 superiores
446 2261 485 2296 et
506 2257 712 2296 inferiores
743 2256 876 2294 eadem
907 2255 1101 2304 generalis
1129 2255 1234 2291 notio
1266 2254 1304 2291 in
1328 2265 1398 2291 usu
1430 2252 1512 2290 fuit.

119 2569 189 2611 De
220 2569 394 2623 verbis,
426 2580 544 2621 quae
575 2566 765 2610 nonnisi
796 2575 881 2617 per
912 2563 1102 2616 ellipsin
1134 2562 1307 2603 obiecti
1340 2563 1433 2616 νῆα

470 2634 773 2679 intransitiva
805 2632 914 2673 sunt
942 2631 1082 2673 faeta.

152 2719 267 2769 Apud
299 2720 510 2757 Homerum
552 2731 600 2756 ex
641 2717 687 2755 iis
727 2715 981 2753 inveniuntur
1022 2714 1136 2751 haec:
1180 2707 1367 2761 ἐνίημι,
1409 2705 1490 2746 ἐπι

37 2781 273 2838 προΐημι,
303 2781 490 2833 κέλλω,
521 2780 793 2823 ἐπικέλλω.
