1815 3231
1444 180 1516 213 :311

40 291 182 330 hausit.
239 292 392 330 Veteris
430 293 548 341 igitur
586 292 764 340 eorporis
802 291 948 329 scholia
985 294 1075 329 suut
1108 292 1123 328 l
1156 294 1193 328 et
1225 291 1277 328 IV
1309 290 1356 327 ab
1389 289 1523 327 eodem

40 360 318 398 commentario
351 359 628 409 dependentia,
661 372 745 397 eum
779 358 856 397 duo
888 359 963 396 alia
993 371 1016 396 a
1044 358 1329 396 recentioribus
1360 357 1524 395 scholia-

41 427 112 465 stis
145 430 236 465 nata
268 430 358 466 sunt
397 428 472 465 alia
503 427 568 465 illa
599 427 746 464 scholia
784 426 1107 471 adl=ib011tib11s.7)
1168 426 1379 463 Auctorem
1414 427 1528 462 vetus

40 495 236 544 interpres
254 496 335 544 ipse
358 495 578 545 (Didymus,
601 495 648 532 es.
672 508 706 543 p.
726 492 823 541 234)
847 494 1044 543 Ephorum
1063 494 1209 531 indicat
1231 492 1297 539 (es.
1318 493 1528 530 Muellerus

41 563 235 613 f1·g.118,
272 564 287 600 1
320 577 355 612 p.
385 563 492 612 266),
530 563 641 600 euius
682 563 944 600 narrationem
984 564 1191 611 praeterea
1229 564 1384 599 exstare
1421 560 1526 609 apud

41 631 297 668 Plutarchum
332 631 543 669 Ρο1·101.22
577 630 813 680 51111111111158)
847 630 1030 679 ostendit,
1069 633 1205 668 eontra
1237 642 1351 678 quem
1384 628 1529 666 frustra

41 699 176 736 nititur
207 698 455 744 Schmidtius,
493 699 516 736 1.
544 711 575 735 a.
604 699 639 735 11
676 711 713 748 p.
742 701 822 738 252
839 710 922 747 sqq.
984 698 1098 744 Quod
1131 701 1259 735 autem
1299 696 1403 745 apud
1438 696 1529 733 Dio-

41 766 177 804 dorum
209 766 383 814 alioquin
416 766 617 815 Ephorum
650 769 827 803 secutum
867 765 905 802 in
938 766 1209 803 narrationum
1241 764 1380 802 ordine
1421 764 1530 801 nulla

41 835 157 872 huius
195 835 250 872 rei
288 834 431 872 mentio
470 836 649 883 superest
685 836 773 882 post
812 833 896 882 XII,
926 836 959 878 7,
1004 832 1066 870 ubi
1114 832 1160 870 de
1204 831 1531 870 antecedentibus

40 902 158 940 rebus
190 901 312 951 gestis
343 904 491 951 narrat,
520 901 610 939 inde
645 901 788 939 factum
821 913 906 938 esse
939 903 1046 949 puto,
1085 899 1190 948 quod
1223 899 1313 937 inde
1345 912 1366 936 a
1399 912 1482 948 cap.
1503 901 1527 937 8

40 969 90 1007 ad
126 981 188 1006 res
220 970 364 1007 siculas
401 970 553 1008 transit.
613 969 754 1006 Exstat
792 969 966 1006 narratio
1004 968 1076 1005 sub
1114 967 1370 1016 digressionis
1408 967 1532 1004 forma

42 1037 147 1086 XIII,
173 1039 266 1087 106,
297 1049 536 1086 quamquam
570 1039 706 1074 contra
737 1035 1004 1081 Schmidtium,
1036 1036 1059 1073 1.
1081 1048 1113 1072 a.
1144 1036 1180 1072 II
1212 1048 1248 1084 p.
1272 1037 1351 1073 254
1384 1034 1473 1072 adn.
1499 1037 1530 1079 1,

43 1105 177 1143 stricte
209 1105 438 1155 negaverim
471 1105 544 1143 hoc
576 1104 730 1143 demum
763 1104 848 1142 loco
880 1103 954 1141 iam
988 1104 1190 1152 Ephorum
1223 1102 1270 1140 de
1300 1115 1346 1141 ea
1373 1115 1413 1140 re
1446 1113 1531 1139 esse

42 1171 262 1220 locutum.9)
323 1172 379 1212 Cf.
411 1173 525 1211 etiam
556 1173 680 1210 Thac.
708 1172 755 1219 II,
779 1175 801 1210 2
835 1174 872 1209 et
901 1172 944 1219 V,
969 1174 1030 1210 16.

158 1254 238 1291 Iam
277 1265 364 1291 cum
404 1254 478 1291 hoc
510 1255 660 1291 certum
693 1253 906 1290 habeamus
944 1251 1235 1299 documentum,
1273 1262 1351 1300 quo
1383 1249 1532 1299 Ephori

43 1321 162 1360 libros
193 1321 233 1358 111
264 1333 378 1359 usum
409 1333 496 1359 esse
528 1324 691 1359 vocatos
724 1319 927 1369 probetur,
958 1319 1056 1356 aliae
1088 1320 1245 1356 exstant
1275 1317 1448 1356 eiusdem
1471 1330 1529 1355 rc-

43 1389 200 1439 liquiae,
238 1388 287 1426 ad
327 1401 425 1438 quas
464 1387 761 1437 investigandas
799 1399 933 1425 ansam
971 1386 1134 1436 praebet
1169 1386 1409 1434 comparatio
1446 1398 1532 1423 eum

42 1457 89 1495 iis
119 1457 391 1507 scriptoribus,
429 1469 528 1506 quos
558 1456 633 1495 hoc
666 1456 852 1494 historico
885 1466 978 1493 usos
1010 1467 1094 1493 esse
1134 1456 1300 1492 constat.
1360 1454 1531 1491 Primum

43 1525 144 1562 enim
182 1524 399 1563 Diodorum
442 1525 479 1562 in
522 1524 779 1562 bibliothecae
817 1524 840 1560 l.
869 1523 1090 1560 XI—XVI
1133 1521 1292 1571 Ephoro
1331 1520 1413 1559 fere
1451 1521 1532 1558 solo

44 1604 154 1630 usum
192 1604 277 1630 esse
315 1591 653 1641 Volquardscnius
690 1603 841 1629 summa
878 1602 964 1628 eum
1003 1590 1282 1639 probabilitate
1320 1587 1533 1634 evinxit.¹⁰)

158 1731 185 1777 ⁷)
213 1734 374 1775 Quorum
392 1733 547 1767 alterum
565 1732 706 1766 insulsa
724 1730 887 1776 proferre
913 1732 951 1766 Ο.
971 1731 1181 1774 Muellerus,
1208 1730 1261 1764 De
1279 1729 1430 1764 Phidiae
1449 1730 1534 1772 vita,

49 1793 145 1830 1827,
172 1790 264 1824 bene
288 1789 471 1833 exposuit.

158 1848 186 1890 S)
214 1845 270 1881 (Jf.
296 1846 363 1880 Die
389 1846 541 1887 Quellen
561 1845 655 1880 Plut.
673 1843 730 1878 fiir
749 1845 782 1878 d.
801 1845 923 1878 Leben
944 1843 1008 1877 des
1026 1843 1206 1877 Pericles:
1234 1841 1531 1884 Abhandlungcn

46 1904 80 1938 d.
98 1903 237 1951 konigl.
256 1902 459 1937 Gesellseh.
477 1902 512 1936 d.
527 1901 750 1935 Wissensch.
769 1911 814 1934 zu
832 1900 1046 1943 Gijttingen,
1073 1902 1168 1942 1567,
1194 1910 1227 1942 1).
1248 1902 1302 1941 35,
1327 1908 1347 1932 a
1365 1908 1437 1942 quo
1460 1898 1532 1932 dis-

45 1960 161 1994 sentit
186 1958 377 2001 Ruehlius,
401 1957 556 1992 5011101).
578 1956 602 1991 f.
626 1957 755 1992 Philol.
781 1956 921 1991 XCVII
954 1967 988 1999 p.
1015 1959 1089 1997 0156,
1115 1955 1224 1989 alium
1250 1958 1435 1989 auctorem
1460 1964 1534 1988 non

51 2016 219 2050 afferens.

160 2074 188 2115 9)
226 2073 357 2106 Exstat
386 2071 482 2105 idem
515 2070 748 2114 proverbium
782 2069 882 2112 apud
916 2068 1114 2102 Zenobium
1147 2067 1194 2110 ΙΙ,
1222 2070 1276 2101 33.
1323 2066 1398 2100 Iam
1431 2069 1537 2100 antea

46 2128 284 2173 probavimus
317 2130 369 2172 (p.
394 2130 475 2170 234)
513 2130 551 2160 et
588 2126 655 2160 hoc
694 2125 928 2169 proverbium
970 2127 1005 2158 et
1045 2123 1223 2157 scholium
1261 2123 1307 2156 ad
1339 2123 1537 2166 Didymum

47 2183 188 2227 referri,
222 2184 285 2228 qui
319 2188 356 2218 et
380 2183 418 2217 in
445 2182 704 2217 commentario
730 2179 1008 2225 Aristophaneo
1042 2184 1078 2214 et
1108 2180 1144 2213 111
1170 2180 1374 2223 proverbiis
1400 2179 1444 2213 de
1470 2179 1536 2213 hac

48 2251 85 2275 re
110 2241 255 2274 loeutus
283 2241 343 2274 sit.
392 2240 465 2274 Iam
484 2250 564 2274 enm
583 2238 782 2273 viderimus
809 2237 1085 2271 Chalcenterum
1112 2246 1154 2270 ea
1178 2246 1272 2280 quae
1297 2236 1333 2269 in
1358 2243 1536 2269 commen-

49 2297 142 2331 tario
168 2296 382 2341 exposuerit
407 2306 452 2330 ex
477 2294 615 2339 Ephori
641 2295 735 2328 libro
760 2293 941 2335 hausisse,
966 2303 1088 2327 nonne
1106 2291 1183 2326 fere
1208 2291 1382 2336 cogimur,
1408 2294 1448 2325 ut
1473 2302 1538 2335 pu-

49 2357 168 2388 temus
193 2363 238 2387 ne
264 2353 301 2387 in
326 2352 529 2397 proverbiis
554 2351 700 2395 quidem
727 2349 837 2384 alium
856 2353 1041 2383 auctorem
1061 2358 1141 2383 esse
1159 2348 1391 2382 adhibitum?
1430 2348 1537 2382 Prae-

51 2410 174 2444 sertim
200 2420 282 2444 eum
306 2409 533 2443 narrationes
557 2408 660 2451 ipsae
686 2407 779 2441 inter
805 2415 844 2440 se
869 2410 1082 2448 congruant,
1114 2405 1183 2439 nisi
1210 2404 1310 2448 quod
1334 2405 1371 2438 in
1397 2403 1536 2438 scholio

54 2466 180 2510 paullo
206 2466 362 2509 amplius
389 2465 434 2499 de
459 2474 496 2498 re
523 2464 660 2498 dictum
687 2466 753 2505 est,
778 2462 963 2505 Ephorum
989 2466 1110 2495 autem
1127 2471 1201 2495 non
1221 2460 1407 2505 sprevisse
1426 2460 1539 2493 histo-

56 2522 142 2556 riam
168 2522 374 2566 proverbiis
399 2530 528 2555 ornare
553 2519 767 2563 fragmentis
785 2519 925 2552 eluceat
949 2517 1012 2559 (ef.
1036 2517 1105 2561 frg.
1122 2521 1183 2552 107
1208 2521 1245 2551 et
1264 2517 1439 2560 Harpocr.
1463 2527 1490 2550 s.
1506 2526 1538 2550 V.

52 2572 276 2623 Εὐρυβάτην
292 2593 336 2606 =
353 2576 424 2622 frg.
440 2579 530 2619 100).
578 2576 722 2618 Quibus
742 2575 919 2618 expositis
946 2578 1047 2618 patet
1065 2573 1196 2608 falsum
1216 2583 1308 2615 esse,
1334 2573 1433 2616 quod
1452 2572 1541 2607 Cru-

51 2635 127 2668 sius
154 2633 256 2676 dixit,
288 2634 309 2668 l.
334 2643 364 2668 a.
390 2633 549 2677 append.
574 2632 590 2665 Ι
619 2644 653 2676 p.
677 2635 748 2675 144,
782 2630 1015 2674 proverbium
1043 2630 1291 2664 Zenobiaunm
1318 2638 1337 2663 e
1362 2627 1539 2662 Demonis

51 2688 157 2732 copia
182 2688 346 2731 fluxisse,
378 2688 425 2722 ad
454 2697 560 2732 quam
586 2697 659 2721 rem
688 2685 915 2730 probandam
948 2685 1085 2718 nullam
1117 2684 1221 2718 aliam
1252 2684 1358 2718 affert
1391 2693 1538 2717 causam

51 2745 135 2788 nisi,
159 2745 197 2778 id
223 2744 322 2788 quod
348 2743 382 2778 ei
407 2743 561 2778 libenter
585 2742 757 2784 concede,
782 2741 880 2785 quod
902 2740 1078 2775 Demonis
1098 2740 1189 2774 liber
1215 2749 1324 2783 saepe
1342 2749 1362 2773 a
1379 2739 1539 2784 Didymo

52 2803 251 2844 usurpatus
276 2800 323 2834 sit
347 2798 408 2843 (ef.
435 2810 468 2843 p.
492 2800 584 2843 150).
