1815 3231
1461 186 1481 217 ι’)
1497 187 1503 219 1

35 281 73 317 et
103 272 239 327 ὶζάνω
276 273 440 330 (ἐφίζει),
476 277 677 330 (lentigo),
716 281 901 334 παρέξω,
939 287 1221 337 ,ηιυκιῐθίζως
1266 284 1512 340 ι”.ιιιμζιῖνιιῃ

34 339 245 397 ἑφιςάνω)
276 359 431 397 semper
462 352 695 397 potestatem
730 352 1014 391 intransitivum
1048 358 1268 396 ostendunt.

689 475 724 500 (ι.
768 460 870 513 ἵζω.

148 540 206 577 De
238 541 457 589 praesentis
487 541 720 581 formatione
751 544 798 581 cf.
830 546 872 582 (2¹1.
902 547 1055 596 Meyer„
1087 550 1150 585 (ir.
1179 551 1255 599 gr.'-'
1287 554 1306 593 ,ξ
1339 556 1427 589 suu).

34 606 150 644 Haud
187 607 303 645 dubie
340 608 569 659 principalis
601 611 657 648 vis
696 614 754 649 est
784 613 1042 663 intransitiva,
1084 617 1192 654 sicuti
1232 620 1354 655 verba
1394 621 1512 657 ven-lu.

4 668 114 722 ,ἵζω
161 675 442 725 respondentia
493 677 530 714 in
577 678 752 726 plurimis
805 680 948 729 linguis
995 683 1326 732 lndogermanicis
1380 688 1510 724 caelvm

35 742 285 781 intransitiva
317 745 476 782 notione
508 749 601 782 sunt
632 746 836 785 instructa.
896 749 1022 787 Affine
1054 754 1112 788 est
1144 753 1303 789 verbum
1339 758 1510 792 nostruin

38 809 232 860 „sitzen“;
271 806 319 849 cf.
350 810 477 850 Fick.³
505 814 552 862 II,
575 816 670 858 2603
704 815 810 853 Ourt.
839 817 917 854 ΕΗ
948 820 1037 856 240.

147 888 263 938 QuOd
285 891 334 929 ad
355 892 679 941 significationem
704 896 854 944 attinet,
886 891 965 944 ἵζω
998 902 1205 948 ceteraque
1235 901 1371 938 similia
1395 903 1513 939 verba

34 959 214 997 notiones
257 962 295 997 et
337 959 500 998 sedendi
545 964 583 999 et
626 962 856 1000 considendi
903 964 1045 1003 habere
1090 971 1263 1014 possunt.
1338 970 1513 1017 Duplivis

33 1026 224 1066 eiusmodi
256 1028 427 1067 notionis
459 1031 636 1079 exempla
674 1044 750 1069 non
785 1031 942 1081 desunt,
985 1034 1123 1071 etenim
1164 1048 1224 1073 res
1266 1036 1368 1073 haud
1402 1050 1513 1075 secus

33 1107 75 1134 se
105 1095 224 1134 habet
261 1096 312 1135 de
342 1097 464 1136 verbo
497 1099 718 1137 Theodisco
759 1100 908 1138 mediae
940 1102 1078 1139 aetatis
1115 1104 1302 1153 „sitzen“,
1339 1105 1442 1153 quod
1476 1106 1511 1142 in

34 1162 345 1212 significationes
391 1168 430 1203 et
477 1166 647 1211 „sitzen“
699 1169 736 1204 et
784 1168 888 1212 „sich
933 1170 1086 1207 sctzen“
1138 1170 1311 1209 discedit.
1378 1171 1511 1208 [tidem

34 1230 154 1269 verba
184 1231 409 1270 Theodisca
446 1233 598 1271 mediae
632 1234 770 1272 aetatis
806 1235 960 1284 „ligen“
1006 1239 1211 1286 utramque
1245 1239 1436 1276 notionem
1477 1242 1513 1276 et

38 1298 217 1350 „liegen“
253 1303 292 1339 et
326 1301 434 1347 „sich
464 1300 620 1352 legen“,
666 1302 798 1349 „sten“
837 1303 1143 1353 significationes
1181 1309 1217 1343 et
1253 1307 1434 1351 „steheffl
1477 1310 1513 1344 et

38 1368 145 1415 „sich
177 1368 341 1408 stellen“
377 1369 523 1408 habere
555 1373 730 1420 possunt.

148 1436 326 1484 Quacum
349 1437 458 1476 verbi
484 1439 520 1475 vi
552 1439 731 1487 primitus
760 1439 1008 1477 intransitiva
1040 1452 1131 1478 usus
1153 1441 1383 1478 Homericus
1416 1442 1511 1479 bene

34 1504 226 1553 congruit.
292 1505 444 1543 Etenim
488 1498 567 1553 ἵζω
606 1508 791 1555 quattuor
829 1509 867 1544 et
903 1507 1061 1555 triginta
1103 1507 1198 1545 locis
1237 1509 1403 1555 omnino,
1445 1508 1509 1545 sed

34 1570 190 1610 duobus
227 1572 500 1610 tantummodo
537 1573 741 1611 transitive
780 1573 885 1623 apud
919 1575 1129 1612 Homerum
1168 1575 1322 1624 legitur.
1381 1576 1513 1613 ¹Sexies

34 1639 156 1678 habes
188 1639 355 1678 medium
388 1641 692 1679 intransitivum.

146 1708 296 1746 Notatu
338 1707 500 1758 dignum
541 1708 697 1746 videtur
739 1709 828 1746 illos
872 1709 968 1747 duos
1010 1709 1127 1757 locos,
1171 1708 1313 1757 quibus
1354 1709 1511 1745 verbum

35 1775 235 1814 causative
268 1776 524 1824 construitur,
562 1776 601 1813 in
637 1775 921 1814 recentioribus
959 1775 1092 1813 Iliadis
1130 1776 1308 1813 membris
1346 1779 1512 1812 exstare:

33 1842 73 1881 ,Ω
95 1846 175 1882 553
206 1836 263 1894 μή
294 1839 347 1894 με’
376 1855 448 1880 πω
479 1838 521 1888 ἐς
551 1836 725 1893 θρόνον
756 1837 815 1890 ἵζε
847 1846 885 1880 et
912 1842 951 1880 B
975 1846 1026 1881 553
1058 1837 1224 1893 βουλὴν
1257 1839 1299 1878 (83·
1332 1840 1513 1891 πρῶτον

33 1903 307 1962 μεγαθύμων
344 1903 406 1961 ἷζε
446 1904 671 1962 γερόντων
705 1909 709 1959 l
742 1906 961 1959 Νεστορέῃ
1003 1904 1121 1959 παρὰ
1159 1907 1242 1960 νηί.
1305 1914 1389 1956 Quo
1428 1911 1512 1946 loeo

36 1978 191 2017 codices
229 1991 364 2018 omnes
401 1979 649 2017 transitivum
685 1979 946 2016 accusativum
979 1970 1147 2026 βουλήν
1184 1978 1376 2015 exhibent.
1437 1978 1512 2014 No-

36 2048 249 2086 minativus
279 2040 435 2098 βουλή,
467 2060 545 2096 quo
578 2047 759 2085 restituto
791 2046 953 2083 verbum
986 2048 1044 2082 est
1076 2046 1373 2092 intransitivum,
1405 2045 1512 2092 gravi

35 2115 310 2165 Aristophanis
348 2115 645 2164 Aristarchique
683 2114 819 2151 nititur
858 2112 1064 2163 praesidio.
1126 2112 1318 2149 Ameisius
1355 2113 1436 2160 ipse
1476 2112 1511 2148 in

35 2182 254 2232 appendice
284 2183 334 2220 ad
366 2183 403 2221 h.
429 2183 452 2220 l.
489 2182 657 2231 permire
695 2183 871 2218 veterum
909 2179 1132 2217 criticorum
1172 2179 1374 2216 lectionem
1414 2191 1512 2215 com-

36 2250 197 2289 mendat
233 2253 458 2301 propterea,
495 2249 613 2300 quod,
649 2249 680 2287 si
710 2249 777 2286 illa
809 2249 1005 2297 scriptura
1036 2247 1217 2296 adoptata
1248 2248 1309 2295 sit,
1344 2247 1444 2283 actio
1476 2247 1513 2283 in

4 2332 8 2336 ‘
35 2331 97 2357 vv.
112 2321 260 2369 53sqq.
275 2319 473 2368 descripta
490 2318 628 2356 melius
642 2316 845 2355 faciliusve
862 2318 1109 2353 anteeuntem
1127 2315 1295 2364 excipiat
1311 2315 1512 2351 actionem.

35 2386 87 2425 At
107 2399 202 2425 vero
229 2385 412 2433 dubitari,
445 2387 596 2436 opinor,
629 2398 705 2423 non
738 2385 877 2433 potest,
909 2386 997 2420 utra
1029 2383 1078 2419 sit
1108 2382 1279 2430 genuina
1310 2381 1514 2429 scriptura.

34 2455 200 2498 Etenim,
231 2455 263 2493 si
294 2455 579 2494 nominativum
611 2452 840 2491 Aristarcho
873 2450 1047 2488 obsecuti
1079 2449 1405 2496 revocaverimus,
1438 2459 1514 2485 non

34 2524 127 2562 satis
158 2523 366 2573 quisquam
397 2523 621 2573 perspiciet,
652 2533 730 2570 qua
761 2532 881 2557 causa
914 2519 1093 2557 commoti
1124 2518 1179 2555 illi
1201 2529 1313 2555 senes
1345 2517 1393 2554 ad
1427 2529 1515 2553 con-

36 2591 167 2629 cilium
199 2592 457 2629 convenerint
486 2593 605 2640 atque
636 2587 863 2627 resederint.
925 2587 961 2625 Si
990 2585 1076 2635 quis
1103 2584 1374 2623 antecedentia
1405 2595 1515 2620 accu—

35 2658 159 2697 ratius
195 2659 423 2709 inspexerit,
460 2670 592 2697 nonne
630 2658 663 2695 ei
701 2656 766 2693 ille
797 2666 934 2693 senum
967 2656 1185 2691 conventus
1224 2653 1516 2700 inexspectatus

38 2738 123 2765 esse
153 2726 384 2765 videbitur?

152 2794 334 2833 Ceterum
377 2793 416 2832 in
461 2793 654 2832 universis
700 2792 937 2829 Graecorum
982 2788 1121 2826 litteris
1167 2786 1366 2825 causativa
1411 2785 1515 2822 notio

1273 2859 1312 2891 4*
