1815 3231
1452 197 1517 230 151

52 296 276 335 Zenodotus
313 298 475 345 propter
512 297 709 334 notionem
743 290 835 346 λάχε
886 299 1093 336 Homerum
1134 301 1369 339 Chaldaeum
1410 303 1524 340 fuiss«-

53 364 123 402 sibi
155 363 365 414 persuasit,
402 368 579 414 apparet,
617 377 731 414 quam
766 366 1016 404 veliementer
1052 369 1251 416 amplexus
1282 371 1329 407 sit
1361 372 1526 408 Cratetis

53 431 210 482 placita.
269 432 345 479 Qui
387 444 473 470 cum
517 433 729 470 Homerum
773 433 984 482 perfectam
1027 436 1193 473 omnium
1234 437 1525 487 disciplinarum

55 499 317 549 cognitionem
350 499 532 538 habuisse
571 500 788 550 statuisset,
829 505 871 539 ut
912 514 995 539 cum
1038 503 1191 551 linguae
1232 517 1386 553 quoquc
1419 506 1525 543 Cluil-

55 568 187 606 daicae
227 567 394 617 peritum
436 567 555 605 fuisse
597 572 791 617 censerct3
832 569 925 617 quid
969 570 1121 613 mirum,
1165 572 1267 619 quod
1309 574 1528 611 zenodotus

55 636 216 674 Mallota
249 648 373 685 usque
405 648 451 674 eo
484 636 687 685 processit,
726 639 767 673 ut
799 648 884 674 cum
917 637 1136 685 cognitione
1169 651 1294 676 rerum
1328 641 1527 690 astrologi-

8 717 9 720 ’
56 717 202 754 carum,
243 716 342 754 quas
381 704 558 754 dicimus,
596 705 785 742 imbutum
827 708 864 742 ct
901 704 1179 751 Chaldaeum')
1220 709 1373 745 natione
1413 709 1528 746 fuisse

56 772 342 812 contenderet?
403 773 581 811 Ceterum
622 785 670 810 ne
708 772 884 810 offendas
922 773 957 810 in
998 786 1042 810 ea
1080 786 1131 811 re.
1174 775 1277 823 quod
1311 776 1530 814 chodotus

55 840 272 891 principem
316 843 521 890 poetarum
564 840 801 878 Graecorum
851 843 1013 890 propter
1058 841 1149 878 illud
1194 835 1290 890 λιξχι
1340 845 1528 882 Graccum

58 909 221 948 natione
254 921 331 947 non
354 908 475 946 fuisse
498 907 640 955 docuit,
672 907 940 945 adnotaverim
973 908 1071 945 alios
1103 911 1376 958 grammaticos
1407 924 1530 959 aeque

56 990 103 1016 ac
133 977 376 1016 Zenodotum
409 978 528 1015 rebus
551 976 784 1026 quibusdam
818 977 854 1013 in
888 976 1046 1014 Homeri
1077 978 1310 1015 carminibus
1343 981 1531 1018 enarratis

57 1046 119 1084 vel
151 1045 323 1084 moribus
354 1045 565 1094 descriptis
596 1044 788 1082 adductos
820 1044 867 1082 de
890 1047 1027 1093 poetae
1051 1046 1174 1093 patria
1205 1046 1296 1083 satis
1320 1047 1532 1094 singularia

57 1114 280 1164 protulisse.
339 1114 474 1152 Affero
507 1112 676 1162 exempli
708 1113 833 1161 gratia
866 1113 1101 1161 Meleagrum
1134 1112 1435 1163 Gadarenum2),
1466 1116 1530 1163 qui

58 1183 270 1221 Homerum
294 1181 414 1220 fuisse
435 1181 577 1230 Syrum
600 1181 828 1229 autumavit,
850 1183 965 1229 atque
983 1180 1266 1218 Aristodemum
1290 1181 1532 1229 Nysacunrffi).

25 1246 31 1251 ⁵
59 1251 127 1300 qui
157 1262 246 1288 eum
277 1250 494 1288 Romanum
528 1248 674 1287 habuit.
736 1248 914 1287 Ceterum
954 1248 1001 1285 de
1033 1248 1215 1286 Zenodoti
1250 1248 1400 1286 iudicio.
1440 1248 1532 1298 quid

59 1318 108 1356 sit
138 1316 406 1367 statuendum,
437 1328 636 1366 exponere
669 1315 917 1365 supersedeo.

176 1386 247 1424 His
278 1385 374 1423 locis
406 1385 562 1423 duobus
593 1383 741 1422 addidit
772 1382 1127 1428 Wachsmutliius1)
1160 1383 1324 1427 tertium.
1361 1395 1437 1431 quo
1469 1383 1534 1419 Ζο-

60 1453 248 1492 nodotum
288 1454 489 1492 Mallotam
529 1452 697 1491 Cratetis
735 1451 937 1489 doctrinae
981 1462 1140 1499 prorsus
1182 1450 1378 1487 addictum
1419 1449 1534 1486 fuissc

62 1522 353 1560 demonstrasse
383 1521 455 1559 sibi
475 1520 644 1570 videtur,
675 1519 794 1557 scliol.
821 1519 854 1556 A
885 1518 932 1556 ad
965 1518 1006 1555 ll.
1029 1517 1052 1554 λ
1078 1520 1166 1556 754.
1225 1517 1386 1555 Tradita
1418 1517 1535 1554 habes

62 1591 176 1629 haec:
208 1580 383 1641 Κράτης
415 1586 461 1627 δὲ
491 1584 721 1639 προκρίνει
751 1581 831 1638 τὴν
860 1579 943 1623 διὰ
962 1584 1043 1622 τοῦ
1066 1586 1094 1622 ἆ
1122 1577 1332 1635 γραφὴν-5)
1366 1581 1432 1620 καὶ
1459 1583 1536 1634 Ζη-

62 1651 251 1704 νόδοτος
282 1654 329 1696 δὲ
359 1661 558 1695 συναινεῑ
586 1654 639 1706 τῇ
667 1652 762 1705 δίχα
794 1651 875 1692 τοῦ
899 1655 924 1691 ᾶ
946 1651 1105 1704 γραᾳῖῃ
1137 1653 1197 1690 ubi
1221 1652 1536 1690 Wachsmutliius

63 1726 274 1775 legendum
307 1738 393 1764 esse
425 1728 575 1764 censet:
608 1717 780 1774 Κράτης
812 1719 856 1760 δὲ
890 1717 1118 1771 προκρίνει
1151 1712 1230 1769 τήν
1262 1716 1372 1768 δίχα
1405 1716 1484 1755 τοῖ’
1513 1719 1538 1754 ἆ

63 1788 240 1844 γραφὴν
270 1790 343 1831 καὶ
364 1787 613 1845 Ζηνόδοτος
644 1787 689 1828 δὲ
720 1794 917 1828 συιάινεϊ
935 1787 987 1838 τῇ
1009 1785 1103 1838 δίχα
1124 1785 1205 1825 τοῦ
1229 1788 1255 1823 c}
1277 1784 1416 1836 γραφῇ
1445 1784 1537 1822 κτλ.

65 1862 154 1910 Quo
186 1861 234 1901 de
265 1862 350 1900 loeo
389 1863 446 1900 sic
484 1859 733 1899 statuendum
767 1870 851 1895 esse
882 1857 1047 1894 videtur.
1107 1854 1286 1894 Scholion
1320 1853 1539 1902 corruptela

65 1930 266 1969 foedatum
288 1942 373 1968 esse
399 1930 593 1968 neminem
616 1928 731 1977 fugit;
765 1939 851 1964 nam
875 1924 1075 1975 particulis
1097 1919 1169 1959 καὶ
1193 1942 1242 1947 -
1266 1918 1312 1958 ὸέ
1334 1922 1441 1958 locus
1463 1933 1539 1958 non

67 2001 136 2045 est,
174 2010 261 2037 cum
293 1998 460 2037 Cratetis
499 2000 537 2036 et
568 1995 757 2034 Zenodoti
789 1992 1004 2032 sententiae
1042 1991 1272 2039 discrepent.
1331 1989 1408 2025 Iam
1440 1987 1540 2025 duae

67 2068 224 2105 exstant
251 2065 488 2104 emendandi
511 2065 609 2113 viae,
640 2063 761 2101 altera
792 2064 834 2099 ut
864 2061 901 2098 in
925 2058 1139 2106 sententiis,
1168 2057 1290 2094 alt-era
1321 2059 1362 2092 ut
1392 2056 1428 2092 in
1458 2066 1541 2102 par-

67 2133 196 2172 ticulis
218 2129 293 2170 καὶ
311 2153 361 2158 —
381 2128 429 2171 δέ
458 2131 641 2170 mendum
670 2131 796 2168 inesse
828 2127 1049 2165 iudicemus.
1099 2125 1237 2173 Neque
1269 2122 1427 2160 dubium
1460 2132 1543 2158 esse

184 2254 211 2295 ¹)
245 2251 300 2287 Cf.
328 2252 496 2297 Droysen
524 2249 708 2291 1.1.l]1‚1
739 2258 773 2290 p.
793 2249 832 2280 .4

182 2310 211 2353 2)
244 2307 382 2342 Athen.
406 2307 459 2341 lV
485 2318 519 2350 p.
540 2309 600 2340 157
616 2306 661 2339 Β;
700 2299 923 2346 Μελέαγοος
949 2314 968 2333 o
997 2295 1188 2341 lumper,-
1215 2293 1254 2331 ἐι
1282 2300 1358 2330 ταῐ·
1385 2291 1543 2338 Χάρισι)

72 2360 399 2410 ἐπιγραφομέναις
423 2359 495 2407 ’ἐφη
530 2359 596 2396 τὸν
614 2355 778 2404 Όμηρον
807 2355 934 2401 Σίρον
960 2352 1051 2390 buta
1084 2366 1123 2387 το
1152 2349 1260 2396 firgo
1286 2348 1383 2385 κετίι
1409 2362 1452 2383 ta
1478 2347 1544 2383 πά-

70 2433 156 2466 τρια
182 2417 328 2465 ἰχθύων
352 2415 614 2464 απεχομὲνους
639 2418 788 2459 aonio-az
815 2410 900 2453 τοὺς
922 2407 1081 2456 ’4χαιυις
1105 2407 1300 2444 ὸαυιλεία
1324 2408 1462 2449 πολλῆ
1487 2402 1545 2438 οἰ(-

72 2488 139 2521 σης
163 2473 261 2511 κατὰ
287 2474 354 2511 τὸν
374 2471 664 2519 Ελλήσῖῑοντον.

185 2535 214 2576 ⁸)
246 2532 333 2567 Vita
356 2532 460 2566 Hom.
485 2531 537 2565 VI
569 2529 667 2574 apud
693 2527 880 2588 Westerm.
915 2536 948 2568 p
975 2527 1032 2558 31:
1086 2517 1340 2565 Ἀριστόδημος
1373 2513 1402 2549 Λ
1427 2531 1444 2550 (ι
1478 2517 1546 2549 λ’--ι

74 2586 188 2631 σαεὺς
204 2584 391 2631 Ρωμαῖον
415 2584 533 2622 αὐτὸν
559 2582 823 2620 ἅποδείκιισιν
855 2577 898 2615 ἔκ
924 2591 1035 2613 τινων
1062 2573 1204 2622 ἠθῶν
1195 2576 1408 2620 (ῧωιιαὶκων.
1443 2568 1544 2606 ἄλλοι

74 2641 104 2679 δ’
118 2640 335 2690 Αἰγύπτιον.
358 2665 400 2668 -
425 2642 479 2677 Cf.
503 2642 567 2676 vit.
591 2642 693 2676 Hom.
713 2639 744 2671 V
768 2637 865 2681 apud
886 2636 928 2669 W
934 2639 1077 2669 ester-‚m
1102 2644 1135 2676 p
1155 2635 1211 2666 29:
1242 2626 1344 2664 ἄλλοι
1365 2624 1547 2671 d'.11'·1'·.‘1-

74 2713 155 2735 τιον
181 2698 255 2735 ἀπὸ
280 2702 413 2746 Θηβῶν
437 2694 573 2742 (αυτὸν
599 2692 695 2731 εἶναί
719 2694 849 2739 φασιν)
877 2692 958 2726 alia.

189 2759 218 2802 4)
251 2767 360 2801 pagg.
378 2759 431 2791 28.
458 2759 511 2790 43.

189 2815 219 2858 5)
253 2812 393 2857 Agitur
418 2812 463 2846 de
489 2809 680 2854 scripturis
706 2802 748 2842 δι’
768 2800 944 2845 ἅσπιὸἐος
969 2806 1006 2837 et
1030 2798 1088 2835 διὰ
1114 2794 1273 2838 σπιδέος.
