1815 3231
1449 198 1519 231 1723

47 283 273 324 zenodotus
303 285 341 322 in
374 285 554 335 epitomis
588 287 817 326 Callimachi
844 288 1055 327 iamborum
1089 290 1225 340 locum,
1257 304 1369 340 quem
1403 292 1519 330 tradi-

47 352 103 391 dit
133 351 286 402 Strabo,
317 353 541 391 exscribens
572 366 613 392 re
644 366 739 392 vera
774 368 914 405 porcos
945 357 1149 395 sacrificari
1182 359 1335 407 Veneri,
1373 363 1409 397 et
1440 359 1519 409 ipso

47 420 226 470 neglecto
259 421 490 459 Callimachi
522 422 741 460 testimonio
774 423 923 461 addidit
954 425 1183 472 Argivorum
1218 439 1371 472 morem,
1403 440 1515 475 quein

46 487 206 527 aliunde
246 491 379 527 notum
417 488 594 527 habebat.
656 489 835 528 Ceterum
878 491 1114 529 Zenodotum
1159 506 1232 530 non
1275 497 1348 530 tam
1389 494 1517 531 indis-,ii

46 555 166 594 fuisse
203 547 417 605 expertem,
459 558 501 594 ut
542 557 662 594 solam
705 557 787 595 eius
826 559 1068 607 sententiam,
1111 572 1222 608 quem
1264 562 1424 598 maxime
1462 573 1518 598 se-

47 626 162 662 cutus
193 625 262 669 est,
300 626 550 672 proponeret,
581 624 642 662 vel
675 636 720 663 ea
751 637 791 663 re
824 625 1078 663 demonstrari
1111 626 1274 675 videtur,
1311 628 1412 676 quod
1445 628 1519 665 ‹lis-

8 716 9 719 =
46 703 183 730 serens
206 690 254 729 de
275 691 400 740 Iynge
423 691 598 729 exhibuit
629 704 712 730 eam
737 693 924 730 Mintham
947 695 1077 731 vocari
1111 683 1186 730 ὑπ’
1209 690 1349 731 ἐνίων.
1411 696 1518 742 Quae

46 759 168 798 verba
199 771 246 797 ex
278 758 397 805 fonte,
430 771 506 808 quo
539 771 632 797 usus
663 763 721 798 est
753 760 818 798 illo
851 761 933 798 loco
966 761 1196 810 Zenodotus,
1228 762 1402 810 profecta
1434 775 1517 800 css(-

47 827 175 865 minus
206 828 266 865 est
295 827 511 876 probabile.

161 894 339 933 Vidimus
370 895 491 944 igitur
522 895 762 934 Zenodotum
801 896 1024 933 Callimachi
1062 900 1098 934 et
1125 897 1284 934 aliorum
1319 897 1425 934 libris
1456 897 1518 934 ad<

49 963 180 1001 hibitis
211 962 403 1012 epitomas
435 963 518 1001 sive
546 964 844 1002 commentarios
866 963 1070 1001 historicos
1101 963 1278 1008 edidisse,
1312 965 1347 1000 in
1382 964 1519 1013 quibus

48 1041 112 1068 res
143 1028 344 1067 fabulares
375 1031 414 1066 et
443 1029 652 1067 historicae
690 1030 890 1078 expositae
923 1033 1041 1067 erant.
1101 1030 1152 1067 At
1190 1029 1359 1067 nondum
1397 1033 1516 1067 totum

49 1096 288 1136 curriculum
330 1097 477 1134 emensi
517 1106 668 1143 sumus3
714 1109 801 1134 nam
843 1097 1034 1146 reliquum
1078 1101 1152 1145 est,
1198 1102 1237 1134 ut
1277 1096 1323 1133 de
1364 1101 1518 1134 auctore

49 1165 180 1215 operis
211 1164 467 1214 disputemus.
526 1164 725 1202 Habemus
761 1166 889 1202 autem
927 1164 975 1201 ad
1013 1164 1113 1201 hauc
1144 1165 1406 1212 quaestionem
1447 1164 1518 1200 sol·

20 1232 217 1272 ‘vendam
249 1231 424 1270 subsidia
454 1235 530 1270 tam
563 1231 690 1281 exilia,
731 1235 773 1270 ut
816 1231 998 1270 iudicium
1036 1235 1182 1269 certum
1223 1231 1398 1280 proferre
1442 1244 1517 1268 non

49 1301 175 1339 liceat.
234 1299 475 1338 Zenodotum
515 1300 726 1349 Ephesium
741 1298 768 1346 ¹)
810 1300 1063 1349 epitomarum
1103 1302 1298 1337 auctorem
1340 1311 1423 1336 esse
1463 1300 1518 1335 in-

50 1368 318 1418 tellegendum
350 1368 563 1407 verisimile
594 1367 718 1405 videri
750 1368 872 1417 possit
902 1380 985 1405 eam
1016 1367 1064 1404 ob
1095 1379 1183 1412 rem,
1215 1366 1318 1415 quod
1351 1367 1387 1403 in
1420 1366 1518 1413 frag-

50 1437 191 1476 mentis
222 1436 370 1475 nudum
402 1435 591 1474 Zenodoti
623 1447 762 1474 nomen
795 1437 930 1473 exstat.
988 1435 1087 1472 Nam
1120 1433 1156 1471 id
1179 1433 1333 1483 quidem
1357 1433 1519 1471 certissi-

51 1517 156 1543 mum
178 1506 239 1543 est
269 1505 308 1543 in
330 1503 519 1542 Zenodoti
544 1503 703 1553 Ephesii
724 1503 899 1551 reliquiis
930 1514 1145 1552 cognomen
1177 1502 1403 1551 plerumque
1436 1512 1518 1538 esse

52 1573 254 1622 omissum,
299 1573 447 1622 quippe
488 1572 554 1621 qui
602 1574 758 1621 praeter
801 1571 895 1608 alios
935 1570 1105 1608 eiusdem
1146 1570 1309 1607 nominis
1350 1568 1522 1606 homines

51 1642 178 1692 gloria
220 1644 259 1680 et
296 1642 434 1680 notitia
474 1640 661 1679 floruerit.
720 1639 901 1677 Attamen
943 1637 989 1675 ad
1033 1636 1271 1675 Zenodotum
1313 1635 1520 1684 Ephesium

54 1723 152 1761 opus
184 1722 261 1749 non
291 1709 404 1755 redit,
443 1708 549 1758 quod
579 1705 781 1752 Wolfius2)
812 1706 960 1756 primus
1001 1705 1097 1743 bene
1129 1704 1273 1742 docuit:
1312 1716 1398 1740 nam
1437 1714 1521 1739 cum

53 1776 320 1826 Zenodotusss)
362 1778 565 1827 aliquanto
607 1775 786 1825 superior
822 1774 939 1813 fuerit
977 1772 1223 1821 Callimacho,
1262 1773 1446 1819 excerpta
1477 1782 1523 1807 cx

54 1849 283 1890 Callimachi
314 1847 422 1886 libris
462 1856 697 1895 componere
739 1847 777 1881 et
813 1843 953 1892 publici
989 1842 1082 1879 iuris
1112 1840 1239 1878 facere
1282 1852 1356 1877 nen
1390 1839 1524 1886 potuit.

55 1918 131 1958 Sed
172 1917 306 1967 quidni
351 1916 399 1955 de
440 1914 638 1954 Zenodoto
678 1912 941 1951 Alexandrino
981 1914 1048 1948 aut
1088 1909 1247 1946 Mallota
1287 1906 1524 1956 cogitemus?

54 1988 108 2026 At
139 1987 362 2025 defenderit
392 1984 586 2034 quispiam
618 1994 701 2020 eam
733 1980 962 2019 sententiam
1003 1990 1130 2027 neque
1162 1976 1356 2014 Mallotam
1399 1985 1524 2022 neque

56 2055 367 2096 Alexandrinum
404 2055 443 2092 in
475 2064 634 2091 censum
665 2050 814 2096 venire3
852 2047 920 2086 sed
958 2057 1100 2084 novum
1132 2043 1323 2094 quendam
1362 2041 1525 2079 fortasse

56 2135 280 2164 occurrere.
339 2123 515 2171 Quorum
547 2119 767 2169 opinionem
806 2115 968 2155 refutari
1000 2125 1112 2162 posse
1150 2111 1274 2149 causis
1305 2110 1418 2147 certis
1455 2109 1524 2146 etsi

57 2193 283 2244 negandum
305 2195 376 2241 est,
407 2193 536 2228 tamen
559 2201 581 2227 a
602 2188 684 2226 veri
707 2186 834 2236 specie
855 2184 1066 2222 abhorrere
1094 2180 1270 2228 arbitror,
1300 2179 1524 2227 praesertim

59 2274 146 2300 eum
191 2261 384 2310 epitomae
435 2257 639 2296 confectae
682 2266 766 2293 esse
808 2251 1017 2290 videantur
1054 2248 1188 2287 eodem
1224 2246 1304 2284 fere
1342 2250 1527 2293 tempore,

5 2333 8 2336 ’
64 2342 144 2380 quo
176 2327 420 2367 Zenodotum
441 2323 751 2364 Alexandrinum
784 2323 821 2358 et
842 2318 1038 2357 Mallotam
1070 2317 1234 2361 aetatem
1263 2312 1412 2361 degisse
1443 2322 1528 2348 cen-

173 2472 200 2515 1)
232 2470 340 2504 Hunc
363 2469 401 2502 in
425 2467 570 2502 modum
603 2464 856 2498 iudicaverunt
887 2458 1027 2493 Heffter
1054 2457 1076 2492 l.
1100 2456 1120 2490 l.
1146 2466 1180 2499 p.
1205 2459 1243 2497 93
1280 2451 1431 2495 Koepke
1456 2450 1476 2484 l.
1500 2462 1527 2484 c.

61 2539 96 2573 p.
117 2531 174 2571 123
208 2525 356 2561 Hecker
380 2535 414 2568 p.
436 2527 508 2558 116.
556 2522 647 2556 Rem
671 2521 842 2554 incertam
869 2525 949 2550 esse
975 2513 1066 2548 dixit
1089 2512 1267 2557 Pluygers
1292 2520 1325 2552 p.
1349 2510 1395 2541 12.

172 2586 202 2627 2)
231 2583 401 2626 Prolegg.
419 2592 455 2625 p.
474 2583 556 2623 2153
582 2574 811 2613 Graefenhan
836 2574 858 2607 l.
876 2573 897 2607 l.
916 2572 931 2605 Ι
954 2582 988 2615 p.
1008 2572 1086 2612 1423
1110 2568 1302 2608 Duentzer‚
1327 2564 1381 2597 De
1399 2562 1528 2597 Zenod.

60 2654 95 2687 p.
114 2644 175 2686 283
207 2638 419 2680 Schneider,
444 2634 548 2679 Allg.
566 2635 650 2670 Jen.
667 2633 752 2668 Litt.
770 2630 857 2664 Zeit.
885 2631 968 2663 1845
994 2637 1047 2660 nr.
1065 2627 1146 2667 2153
1176 2622 1267 2664 Keil,
1294 2619 1422 2654 Rhein.
1440 2618 1530 2652 Mus.

64 2698 118 2732 VI
142 2708 177 2742 p.
195 2699 259 2731 253
285 2696 344 2740 (=
361 2693 514 2736 Ritscffl,
533 2691 625 2736 Opp.
642 2690 658 2724 I
676 2700 709 2733 p.
725 2688 821 2730 235)3
845 2683 1018 2726 Schmidt,
1035 2678 1243 2716 Zeitschrift
1259 2676 1316 2710 fiir
1335 2676 1392 2709 die
1410 2672 1530 2708 Alter-

66 2753 286 2790 thumswiss.
307 2754 402 2794 1855,
427 2761 463 2794 p.
482 2752 563 2793 2533
594 2745 743 2792 Dilthey
767 2744 788 2778 l.
806 2753 835 2778 e.
861 2752 895 2786 p.
918 2743 971 2784 ¹⁰3
1004 2735 1238 2781 Sengebusch
1263 2744 1296 2778 p.
1315 2735 1366 2766 24.

176 2811 206 2854 ³)
238 2808 293 2844 Cf.
319 2819 354 2852 p.
377 2809 448 2845 123.
