<?xml version="1.0" encoding="UTF-8"?>
<!DOCTYPE html PUBLIC "-//W3C//DTD XHTML 1.0 Transitional//EN"
    "http://www.w3.org/TR/xhtml1/DTD/xhtml1-transitional.dtd">
<html xmlns="http://www.w3.org/1999/xhtml" xml:lang="en" lang="en">
 <head>
  <title>
</title>
<meta http-equiv="Content-Type" content="text/html;charset=utf-8" />
  <meta name='ocr-system' content='tesseract 3.04.00' />
  <meta name='ocr-capabilities' content='ocr_page ocr_carea ocr_par ocr_line ocrx_word'/>
</head>
<body>
  <div class='ocr_page' id='page_1' title='image "./deverbisetintran00hilduoft_0037.png"; bbox 0 0 1815 3231; ppageno 0'>
   <div class='ocr_carea' id='block_1_1' title="bbox 1456 171 1504 199">
    <p class='ocr_par' dir='ltr' id='par_1_1' title="bbox 1456 171 1504 199">
     <span class='ocr_line' id='line_1_1' title="bbox 1456 171 1504 199; baseline -0.042 -10"><span class='ocrx_word' id='word_1_1' title='bbox 1456 171 1504 199; x_wconf 59' lang='lat'>”)(&#39;</span> 
     </span>
    </p>
   </div>
   <div class='ocr_carea' id='block_1_2' title="bbox 1457 194 1490 202">
    <p class='ocr_par' dir='ltr' id='par_1_2' title="bbox 1457 194 1490 202">
     <span class='ocr_line' id='line_1_2' title="bbox 1457 194 1490 202; baseline -0.03 0"><span class='ocrx_word' id='word_1_2' title='bbox 1457 194 1475 202; x_wconf 73' lang='lat' dir='ltr'><em>u</em></span> <span class='ocrx_word' id='word_1_3' title='bbox 1486 194 1490 201; x_wconf 77' lang='grc' dir='ltr'>ι</span> 
     </span>
    </p>
   </div>
   <div class='ocr_carea' id='block_1_3' title="bbox 27 261 1508 1686">
    <p class='ocr_par' dir='ltr' id='par_1_3' title="bbox 28 261 1508 979">
     <span class='ocr_line' id='line_1_3' title="bbox 30 261 1505 321; baseline 0.011 -23"><span class='ocrx_word' id='word_1_4' title='bbox 30 261 66 299; x_wconf 85' lang='grc'>111</span> <span class='ocrx_word' id='word_1_5' title='bbox 100 261 385 301; x_wconf 81' lang='lat' dir='ltr'>intransitivam</span> <span class='ocrx_word' id='word_1_6' title='bbox 408 264 606 303; x_wconf 82' lang='lat' dir='ltr'>notionem</span> <span class='ocrx_word' id='word_1_7' title='bbox 639 265 855 306; x_wconf 77' lang='lat' dir='ltr'>deflexisse,</span> <span class='ocrx_word' id='word_1_8' title='bbox 916 269 1052 319; x_wconf 76' lang='lat' dir='ltr'>Itaque</span> <span class='ocrx_word' id='word_1_9' title='bbox 1085 273 1394 321; x_wconf 72' lang='lat' dir='ltr'>i11v‹·stigainln1n</span> <span class='ocrx_word' id='word_1_10' title='bbox 1425 280 1505 316; x_wconf 65' lang='lat' dir='ltr'>vrit.</span> 
     </span>
     <span class='ocr_line' id='line_1_4' title="bbox 31 330 1508 383; baseline 0.012 -18"><span class='ocrx_word' id='word_1_11' title='bbox 31 342 108 378; x_wconf 85' lang='lat' dir='ltr'>qua</span> <span class='ocrx_word' id='word_1_12' title='bbox 144 330 208 367; x_wconf 90' lang='lat' dir='ltr'>via</span> <span class='ocrx_word' id='word_1_13' title='bbox 247 330 312 368; x_wconf 93' lang='lat' dir='ltr'>illa</span> <span class='ocrx_word' id='word_1_14' title='bbox 351 333 455 369; x_wconf 89' lang='lat' dir='ltr'>notio</span> <span class='ocrx_word' id='word_1_15' title='bbox 498 333 745 371; x_wconf 75' lang='lat' dir='ltr'>intransitiva</span> <span class='ocrx_word' id='word_1_16' title='bbox 787 336 836 373; x_wconf 88' lang='lat' dir='ltr'>sit</span> <span class='ocrx_word' id='word_1_17' title='bbox 877 341 974 374; x_wconf 80' lang='lat' dir='ltr'>orta.</span> <span class='ocrx_word' id='word_1_18' title='bbox 1047 341 1100 376; x_wconf 63' lang='lat' dir='ltr'>lm</span> <span class='ocrx_word' id='word_1_19' title='bbox 1143 342 1372 381; x_wconf 73' lang='lat' dir='ltr'>intransilIvi</span> <span class='ocrx_word' id='word_1_20' title='bbox 1419 359 1508 383; x_wconf 58' lang='lat' dir='ltr'>usus</span> 
     </span>
     <span class='ocr_line' id='line_1_5' title="bbox 31 398 1506 459; baseline 0.012 -26"><span class='ocrx_word' id='word_1_21' title='bbox 31 398 180 447; x_wconf 86' lang='lat' dir='ltr'>origine</span> <span class='ocrx_word' id='word_1_22' title='bbox 212 399 334 436; x_wconf 89' lang='lat' dir='ltr'>ausim</span> <span class='ocrx_word' id='word_1_23' title='bbox 359 399 431 437; x_wconf 87' lang='lat' dir='ltr'>hoc</span> <span class='ocrx_word' id='word_1_24' title='bbox 454 402 692 439; x_wconf 82' lang='lat' dir='ltr'>coniectare:</span> <span class='ocrx_word' id='word_1_25' title='bbox 731 403 760 440; x_wconf 84' lang='lat' dir='ltr'>si</span> <span class='ocrx_word' id='word_1_26' title='bbox 785 404 935 442; x_wconf 78' lang='lat' dir='ltr'>obiecta</span> <span class='ocrx_word' id='word_1_27' title='bbox 958 419 1247 459; x_wconf 67' lang='lat' dir='ltr'>pcrvenscinus,</span> <span class='ocrx_word' id='word_1_28' title='bbox 1279 412 1506 459; x_wconf 61' lang='lat' dir='ltr'>quibuscum</span> 
     </span>
     <span class='ocr_line' id='line_1_6' title="bbox 31 462 1508 522; baseline 0.012 -21"><span class='ocrx_word' id='word_1_29' title='bbox 31 465 191 502; x_wconf 82' lang='lat' dir='ltr'>verbum</span> <span class='ocrx_word' id='word_1_30' title='bbox 216 462 393 516; x_wconf 69' lang='grc' dir='ltr'><em>στρέφω</em></span> <span class='ocrx_word' id='word_1_31' title='bbox 426 470 463 506; x_wconf 88' lang='lat' dir='ltr'>et</span> <span class='ocrx_word' id='word_1_32' title='bbox 485 471 701 519; x_wconf 87' lang='lat' dir='ltr'>composita</span> <span class='ocrx_word' id='word_1_33' title='bbox 724 472 806 508; x_wconf 84' lang='lat' dir='ltr'>clus</span> <span class='ocrx_word' id='word_1_34' title='bbox 839 477 928 510; x_wconf 85' lang='lat' dir='ltr'>sunt</span> <span class='ocrx_word' id='word_1_35' title='bbox 956 474 1099 522; x_wconf 81' lang='lat' dir='ltr'>iuncta,</span> <span class='ocrx_word' id='word_1_36' title='bbox 1131 477 1320 515; x_wconf 78' lang='lat' dir='ltr'>obiectum</span> <span class='ocrx_word' id='word_1_37' title='bbox 1346 476 1508 519; x_wconf 62' lang='lat' dir='ltr'>&#39;t&#39;thror-⁸</span> 
     </span>
     <span class='ocr_line' id='line_1_7' title="bbox 29 526 1508 597; baseline 0.011 -27"><span class='ocrx_word' id='word_1_38' title='bbox 29 537 119 572; x_wconf 85' lang='lat' dir='ltr'>ante</span> <span class='ocrx_word' id='word_1_39' title='bbox 142 535 272 572; x_wconf 86' lang='lat' dir='ltr'>omnia</span> <span class='ocrx_word' id='word_1_40' title='bbox 304 535 490 574; x_wconf 84' lang='lat' dir='ltr'>usitatum</span> <span class='ocrx_word' id='word_1_41' title='bbox 514 549 597 575; x_wconf 85' lang='lat' dir='ltr'>csse</span> <span class='ocrx_word' id='word_1_42' title='bbox 629 526 895 578; x_wconf 83' lang='lat' dir='ltr'>observamus.</span> <span class='ocrx_word' id='word_1_43' title='bbox 956 542 1086 588; x_wconf 79' lang='lat' dir='ltr'>Quare</span> <span class='ocrx_word' id='word_1_44' title='bbox 1119 548 1259 583; x_wconf 61' lang='lat' dir='ltr'>moveri</span> <span class='ocrx_word' id='word_1_45' title='bbox 1293 560 1508 597; x_wconf 64' lang='lat' dir='ltr'>possumus,</span> 
     </span>
     <span class='ocr_line' id='line_1_8' title="bbox 30 602 1507 664; baseline 0.008 -25"><span class='ocrx_word' id='word_1_46' title='bbox 30 605 73 640; x_wconf 88' lang='lat' dir='ltr'>ut</span> <span class='ocrx_word' id='word_1_47' title='bbox 99 602 384 640; x_wconf 87' lang='lat' dir='ltr'>intransitivam</span> <span class='ocrx_word' id='word_1_48' title='bbox 408 603 732 652; x_wconf 87' lang='lat' dir='ltr'>significationem</span> <span class='ocrx_word' id='word_1_49' title='bbox 758 607 829 644; x_wconf 81' lang='lat' dir='ltr'>hoe</span> <span class='ocrx_word' id='word_1_50' title='bbox 853 608 1003 647; x_wconf 82' lang='lat' dir='ltr'>obiecto</span> <span class='ocrx_word' id='word_1_51' title='bbox 1027 612 1166 649; x_wconf 78' lang='lat' dir='ltr'>omisso</span> <span class='ocrx_word' id='word_1_52' title='bbox 1195 614 1368 651; x_wconf 61' lang='lat' dir='ltr'>similitor</span> <span class='ocrx_word' id='word_1_53' title='bbox 1391 621 1507 664; x_wconf 76' lang='lat' dir='ltr'>atqin·</span> 
     </span>
     <span class='ocr_line' id='line_1_9' title="bbox 30 663 1506 721; baseline 0.009 -15"><span class='ocrx_word' id='word_1_54' title='bbox 30 670 66 707; x_wconf 88' lang='lat' dir='ltr'>in</span> <span class='ocrx_word' id='word_1_55' title='bbox 91 670 222 708; x_wconf 90' lang='lat' dir='ltr'>verbis</span> <span class='ocrx_word' id='word_1_56' title='bbox 243 663 445 708; x_wconf 60' lang='grc' dir='ltr'><em>ἑλαύῐέιν</em></span> <span class='ocrx_word' id='word_1_57' title='bbox 468 675 505 710; x_wconf 86' lang='lat' dir='ltr'>ct</span> <span class='ocrx_word' id='word_1_58' title='bbox 529 663 706 710; x_wconf 69' lang='grc' dir='ltr'><em>διώκειν</em></span> <span class='ocrx_word' id='word_1_59' title='bbox 737 678 864 712; x_wconf 73' lang='lat' dir='ltr'>natam</span> <span class='ocrx_word' id='word_1_60' title='bbox 889 688 973 715; x_wconf 76' lang='lat' dir='ltr'>esse</span> <span class='ocrx_word' id='word_1_61' title='bbox 998 678 1223 717; x_wconf 74' lang='lat' dir='ltr'>iudicemus.</span> <span class='ocrx_word' id='word_1_62' title='bbox 1274 682 1506 721; x_wconf 71' lang='lat' dir='ltr'>Addcndnin</span> 
     </span>
     <span class='ocr_line' id='line_1_10' title="bbox 28 739 1507 795; baseline 0.009 -21"><span class='ocrx_word' id='word_1_63' title='bbox 28 740 157 775; x_wconf 86' lang='lat' dir='ltr'>tamen</span> <span class='ocrx_word' id='word_1_64' title='bbox 196 742 255 775; x_wconf 89' lang='lat' dir='ltr'>est</span> <span class='ocrx_word' id='word_1_65' title='bbox 295 739 409 776; x_wconf 90' lang='lat' dir='ltr'>etiam</span> <span class='ocrx_word' id='word_1_66' title='bbox 452 739 490 777; x_wconf 89' lang='lat' dir='ltr'>in</span> <span class='ocrx_word' id='word_1_67' title='bbox 536 741 608 778; x_wconf 86' lang='lat' dir='ltr'>hoc</span> <span class='ocrx_word' id='word_1_68' title='bbox 645 742 765 780; x_wconf 89' lang='lat' dir='ltr'>verbo</span> <span class='ocrx_word' id='word_1_69' title='bbox 808 744 973 792; x_wconf 82' lang='lat' dir='ltr'>perinde</span> <span class='ocrx_word' id='word_1_70' title='bbox 1015 749 1132 795; x_wconf 81' lang='lat' dir='ltr'>atque</span> <span class='ocrx_word' id='word_1_71' title='bbox 1170 748 1206 785; x_wconf 92' lang='lat' dir='ltr'>in</span> <span class='ocrx_word' id='word_1_72' title='bbox 1247 750 1374 787; x_wconf 81' lang='lat' dir='ltr'>verbis</span> <span class='ocrx_word' id='word_1_73' title='bbox 1412 761 1507 787; x_wconf 66' lang='lat' dir='ltr'>ori·-</span> 
     </span>
     <span class='ocr_line' id='line_1_11' title="bbox 30 797 1506 863; baseline 0.011 -22"><span class='ocrx_word' id='word_1_74' title='bbox 30 797 202 842; x_wconf 77' lang='grc' dir='ltr'><em>ελαύνω</em></span> <span class='ocrx_word' id='word_1_75' title='bbox 235 809 273 843; x_wconf 86' lang='lat' dir='ltr'>et</span> <span class='ocrx_word' id='word_1_76' title='bbox 304 800 388 857; x_wconf 67' lang='grc' dir='ltr'>ἔχω</span> <span class='ocrx_word' id='word_1_77' title='bbox 419 808 743 857; x_wconf 88' lang='lat' dir='ltr'>significationem</span> <span class='ocrx_word' id='word_1_78' title='bbox 776 813 974 860; x_wconf 80' lang='lat' dir='ltr'>propriam</span> <span class='ocrx_word' id='word_1_79' title='bbox 1007 826 1127 863; x_wconf 85' lang='lat' dir='ltr'>equos</span> <span class='ocrx_word' id='word_1_80' title='bbox 1160 817 1218 853; x_wconf 87' lang='lat' dir='ltr'>vcl</span> <span class='ocrx_word' id='word_1_81' title='bbox 1252 829 1389 855; x_wconf 84' lang='lat' dir='ltr'>currus</span> <span class='ocrx_word' id='word_1_82' title='bbox 1421 833 1506 856; x_wconf 68' lang='lat' dir='ltr'>von-</span> 
     </span>
     <span class='ocr_line' id='line_1_12' title="bbox 28 872 1506 927; baseline 0.009 -18"><span class='ocrx_word' id='word_1_83' title='bbox 28 872 208 910; x_wconf 85' lang='lat' dir='ltr'>vertendi</span> <span class='ocrx_word' id='word_1_84' title='bbox 245 874 318 911; x_wconf 89' lang='lat' dir='ltr'>iam</span> <span class='ocrx_word' id='word_1_85' title='bbox 357 875 462 923; x_wconf 87' lang='lat' dir='ltr'>apud</span> <span class='ocrx_word' id='word_1_86' title='bbox 495 876 707 915; x_wconf 83' lang='lat' dir='ltr'>Homerum</span> <span class='ocrx_word' id='word_1_87' title='bbox 748 879 784 916; x_wconf 92' lang='lat' dir='ltr'>in</span> <span class='ocrx_word' id='word_1_88' title='bbox 823 881 1105 927; x_wconf 80' lang='lat' dir='ltr'>generaliorem</span> <span class='ocrx_word' id='word_1_89' title='bbox 1146 884 1339 922; x_wconf 77' lang='lat' dir='ltr'>notionem</span> <span class='ocrx_word' id='word_1_90' title='bbox 1379 898 1506 923; x_wconf 70' lang='lat' dir='ltr'>rever-</span> 
     </span>
     <span class='ocr_line' id='line_1_13' title="bbox 28 940 367 979; baseline 0.006 -2"><span class='ocrx_word' id='word_1_91' title='bbox 28 940 135 978; x_wconf 84' lang='lat' dir='ltr'>tendi</span> <span class='ocrx_word' id='word_1_92' title='bbox 167 941 367 979; x_wconf 79' lang='lat' dir='ltr'>transisse.</span> 
     </span>
    </p>

    <p class='ocr_par' dir='ltr' id='par_1_4' title="bbox 28 1009 1506 1265">
     <span class='ocr_line' id='line_1_14' title="bbox 141 1009 1504 1067; baseline 0.01 -22"><span class='ocrx_word' id='word_1_93' title='bbox 141 1009 267 1047; x_wconf 87' lang='lat' dir='ltr'>Nemo</span> <span class='ocrx_word' id='word_1_94' title='bbox 307 1009 423 1048; x_wconf 87' lang='lat' dir='ltr'>homo</span> <span class='ocrx_word' id='word_1_95' title='bbox 461 1009 613 1060; x_wconf 83' lang='lat' dir='ltr'>doctus,</span> <span class='ocrx_word' id='word_1_96' title='bbox 654 1015 843 1061; x_wconf 83' lang='lat' dir='ltr'>quantuni</span> <span class='ocrx_word' id='word_1_97' title='bbox 877 1015 1001 1063; x_wconf 86' lang='lat' dir='ltr'>video,</span> <span class='ocrx_word' id='word_1_98' title='bbox 1045 1017 1141 1054; x_wconf 78' lang='lat' dir='ltr'>lianc</span> <span class='ocrx_word' id='word_1_99' title='bbox 1179 1019 1327 1067; x_wconf 74' lang='lat' dir='ltr'>ellipsin</span> <span class='ocrx_word' id='word_1_100' title='bbox 1368 1020 1504 1058; x_wconf 68' lang='lat' dir='ltr'>obn-eti</span> 
     </span>
     <span class='ocr_line' id='line_1_15' title="bbox 29 1070 1506 1125; baseline 0.009 -13"><span class='ocrx_word' id='word_1_101' title='bbox 29 1070 193 1120; x_wconf 82' lang='grc' dir='ltr'><em>ἵππους</em></span> <span class='ocrx_word' id='word_1_102' title='bbox 224 1078 369 1124; x_wconf 77' lang='lat' dir='ltr'>statuit,</span> <span class='ocrx_word' id='word_1_103' title='bbox 407 1079 475 1116; x_wconf 89' lang='lat' dir='ltr'>sed</span> <span class='ocrx_word' id='word_1_104' title='bbox 508 1080 574 1117; x_wconf 88' lang='lat' dir='ltr'>alii</span> <span class='ocrx_word' id='word_1_105' title='bbox 605 1080 681 1118; x_wconf 82' lang='lat' dir='ltr'>alia</span> <span class='ocrx_word' id='word_1_106' title='bbox 712 1082 863 1119; x_wconf 83' lang='lat' dir='ltr'>ratione</span> <span class='ocrx_word' id='word_1_107' title='bbox 900 1083 1179 1122; x_wconf 84' lang='lat' dir='ltr'>intransitivam</span> <span class='ocrx_word' id='word_1_108' title='bbox 1213 1087 1405 1124; x_wconf 82' lang='lat' dir='ltr'>notionem</span> <span class='ocrx_word' id='word_1_109' title='bbox 1444 1100 1506 1125; x_wconf 80' lang='lat' dir='ltr'>cx-</span> 
     </span>
     <span class='ocr_line' id='line_1_16' title="bbox 28 1145 1506 1203; baseline 0.007 -21"><span class='ocrx_word' id='word_1_110' title='bbox 28 1145 174 1193; x_wconf 88' lang='lat' dir='ltr'>plicare</span> <span class='ocrx_word' id='word_1_111' title='bbox 205 1146 335 1184; x_wconf 87' lang='lat' dir='ltr'>conati</span> <span class='ocrx_word' id='word_1_112' title='bbox 357 1150 460 1185; x_wconf 89' lang='lat' dir='ltr'>sunt.</span> <span class='ocrx_word' id='word_1_113' title='bbox 520 1149 664 1186; x_wconf 83' lang='lat' dir='ltr'>Eorum</span> <span class='ocrx_word' id='word_1_114' title='bbox 695 1151 910 1189; x_wconf 88' lang='lat' dir='ltr'>sententias</span> <span class='ocrx_word' id='word_1_115' title='bbox 942 1152 978 1189; x_wconf 93' lang='lat' dir='ltr'>in</span> <span class='ocrx_word' id='word_1_116' title='bbox 1003 1153 1132 1191; x_wconf 82' lang='lat' dir='ltr'>verbis</span> <span class='ocrx_word' id='word_1_117' title='bbox 1155 1155 1318 1203; x_wconf 84' lang='lat' dir='ltr'>singulis</span> <span class='ocrx_word' id='word_1_118' title='bbox 1341 1159 1506 1194; x_wconf 80' lang='lat' dir='ltr'>tractan-</span> 
     </span>
     <span class='ocr_line' id='line_1_17' title="bbox 29 1211 601 1265; baseline 0.007 -15"><span class='ocrx_word' id='word_1_119' title='bbox 29 1211 90 1250; x_wconf 85' lang='lat' dir='ltr'>dis</span> <span class='ocrx_word' id='word_1_120' title='bbox 120 1213 292 1252; x_wconf 88' lang='lat' dir='ltr'>breviter</span> <span class='ocrx_word' id='word_1_121' title='bbox 324 1216 601 1265; x_wconf 78' lang='lat' dir='ltr'>perstringam.</span> 
     </span>
    </p>

    <p class='ocr_par' dir='ltr' id='par_1_5' title="bbox 27 1288 1507 1686">
     <span class='ocr_line' id='line_1_18' title="bbox 140 1288 1505 1349; baseline 0.007 -19"><span class='ocrx_word' id='word_1_122' title='bbox 140 1303 177 1329; x_wconf 82' lang='lat' dir='ltr'>a.</span> <span class='ocrx_word' id='word_1_123' title='bbox 217 1293 421 1332; x_wconf 87' lang='lat' dir='ltr'>Obiectum</span> <span class='ocrx_word' id='word_1_124' title='bbox 455 1288 621 1341; x_wconf 77' lang='grc' dir='ltr'><em>ἵππους</em></span> <span class='ocrx_word' id='word_1_125' title='bbox 652 1297 825 1346; x_wconf 86' lang='lat' dir='ltr'>epitheto</span> <span class='ocrx_word' id='word_1_126' title='bbox 856 1300 1010 1337; x_wconf 87' lang='lat' dir='ltr'>ornanti</span> <span class='ocrx_word' id='word_1_127' title='bbox 1041 1292 1242 1349; x_wconf 57' lang='grc' dir='ltr'><em>μώνυχας·</em></span> <span class='ocrx_word' id='word_1_128' title='bbox 1275 1301 1505 1339; x_wconf 81' lang='lat' dir='ltr'>instructum</span> 
     </span>
     <span class='ocr_line' id='line_1_19' title="bbox 29 1355 1504 1416; baseline 0.007 -20"><span class='ocrx_word' id='word_1_129' title='bbox 29 1359 175 1409; x_wconf 86' lang='lat' dir='ltr'>legitur</span> <span class='ocrx_word' id='word_1_130' title='bbox 196 1360 236 1398; x_wconf 90' lang='lat' dir='ltr'><em>P</em></span> <span class='ocrx_word' id='word_1_131' title='bbox 254 1363 350 1400; x_wconf 83' lang='lat'>699:</span> <span class='ocrx_word' id='word_1_132' title='bbox 377 1357 597 1413; x_wconf 52' lang='grc' dir='ltr'><em>Λαοδίκην),</em></span> <span class='ocrx_word' id='word_1_133' title='bbox 621 1355 668 1409; x_wconf 79' lang='grc' dir='ltr'><em>ὅς</em></span> <span class='ocrx_word' id='word_1_134' title='bbox 686 1358 725 1400; x_wconf 74' lang='grc' dir='ltr'>οἱ</span> <span class='ocrx_word' id='word_1_135' title='bbox 744 1358 898 1414; x_wconf 75' lang='grc' dir='ltr'><em>σχεδὸν</em></span> <span class='ocrx_word' id='word_1_136' title='bbox 918 1359 1094 1416; x_wconf 67' lang='grc' dir='ltr'><em>ἔστρεφε</em></span> <span class='ocrx_word' id='word_1_137' title='bbox 1110 1357 1313 1416; x_wconf 69' lang='grc' dir='ltr'><em>μώνυχας</em></span> <span class='ocrx_word' id='word_1_138' title='bbox 1331 1363 1504 1407; x_wconf 63' lang='grc' dir='ltr'><em>ἵππου-κ</em></span> 
     </span>
     <span class='ocr_line' id='line_1_20' title="bbox 30 1422 1507 1482; baseline 0.006 -18"><span class='ocrx_word' id='word_1_139' title='bbox 30 1427 93 1465; x_wconf 84' lang='grc' dir='ltr'><strong>1ὼί</strong></span> <span class='ocrx_word' id='word_1_140' title='bbox 127 1422 292 1475; x_wconf 80' lang='grc' dir='ltr'><em>ἵππους</em></span> <span class='ocrx_word' id='word_1_141' title='bbox 319 1425 524 1480; x_wconf 67' lang='grc' dir='ltr'><em>στρέφειν</em></span> <span class='ocrx_word' id='word_1_142' title='bbox 557 1431 674 1469; x_wconf 82' lang='lat' dir='ltr'>habet</span> <span class='ocrx_word' id='word_1_143' title='bbox 703 1433 944 1482; x_wconf 82' lang='lat' dir='ltr'>singularem</span> <span class='ocrx_word' id='word_1_144' title='bbox 974 1434 1076 1471; x_wconf 87' lang='lat' dir='ltr'>illam</span> <span class='ocrx_word' id='word_1_145' title='bbox 1106 1436 1300 1473; x_wconf 81' lang='lat' dir='ltr'>notionem</span> <span class='ocrx_word' id='word_1_146' title='bbox 1338 1436 1436 1481; x_wconf 72' lang='lat' dir='ltr'>„litu¹</span> <span class='ocrx_word' id='word_1_147' title='bbox 1470 1439 1507 1473; x_wconf 84' lang='lat' dir='ltr'>et</span> 
     </span>
     <span class='ocr_line' id='line_1_21' title="bbox 27 1494 1503 1551; baseline 0.005 -19"><span class='ocrx_word' id='word_1_148' title='bbox 27 1494 120 1533; x_wconf 90' lang='lat' dir='ltr'>illuc</span> <span class='ocrx_word' id='word_1_149' title='bbox 150 1496 351 1547; x_wconf 86' lang='lat' dir='ltr'>versare“‚</span> <span class='ocrx_word' id='word_1_150' title='bbox 387 1501 506 1547; x_wconf 86' lang='lat' dir='ltr'>prout</span> <span class='ocrx_word' id='word_1_151' title='bbox 537 1499 769 1537; x_wconf 78' lang='lat' dir='ltr'>Antilochus</span> <span class='ocrx_word' id='word_1_152' title='bbox 808 1501 970 1550; x_wconf 86' lang='lat' dir='ltr'>pedibus</span> <span class='ocrx_word' id='word_1_153' title='bbox 1002 1502 1201 1551; x_wconf 88' lang='lat' dir='ltr'>proelians</span> <span class='ocrx_word' id='word_1_154' title='bbox 1235 1503 1360 1540; x_wconf 78' lang='lat' dir='ltr'>locum</span> <span class='ocrx_word' id='word_1_155' title='bbox 1393 1515 1503 1540; x_wconf 78' lang='lat' dir='ltr'>sunni</span> 
     </span>
     <span class='ocr_line' id='line_1_22' title="bbox 29 1566 1505 1618; baseline 0.004 -18"><span class='ocrx_word' id='word_1_156' title='bbox 29 1566 162 1612; x_wconf 83' lang='lat' dir='ltr'>mutat,</span> <span class='ocrx_word' id='word_1_157' title='bbox 199 1567 241 1602; x_wconf 91' lang='lat' dir='ltr'>ut</span> <span class='ocrx_word' id='word_1_158' title='bbox 272 1577 411 1603; x_wconf 89' lang='lat' dir='ltr'>currus</span> <span class='ocrx_word' id='word_1_159' title='bbox 444 1566 492 1604; x_wconf 87' lang='lat' dir='ltr'>ad</span> <span class='ocrx_word' id='word_1_160' title='bbox 525 1567 630 1605; x_wconf 88' lang='lat' dir='ltr'>illum</span> <span class='ocrx_word' id='word_1_161' title='bbox 664 1568 933 1617; x_wconf 88' lang='lat' dir='ltr'>recipiendum</span> <span class='ocrx_word' id='word_1_162' title='bbox 965 1569 1013 1606; x_wconf 89' lang='lat' dir='ltr'>sit</span> <span class='ocrx_word' id='word_1_163' title='bbox 1044 1573 1215 1618; x_wconf 83' lang='lat' dir='ltr'>paratus.</span> <span class='ocrx_word' id='word_1_164' title='bbox 1276 1570 1333 1608; x_wconf 82' lang='lat' dir='ltr'>Cf.</span> <span class='ocrx_word' id='word_1_165' title='bbox 1362 1568 1394 1607; x_wconf 76' lang='lat' dir='ltr'><em>A</em></span> <span class='ocrx_word' id='word_1_166' title='bbox 1416 1574 1505 1613; x_wconf 63' lang='lat'>225⁹,</span> 
     </span>
     <span class='ocr_line' id='line_1_23' title="bbox 29 1631 1416 1686; baseline 0.005 -18"><span class='ocrx_word' id='word_1_167' title='bbox 29 1631 94 1669; x_wconf 90' lang='lat' dir='ltr'>ubi</span> <span class='ocrx_word' id='word_1_168' title='bbox 125 1632 248 1670; x_wconf 89' lang='lat' dir='ltr'>simile</span> <span class='ocrx_word' id='word_1_169' title='bbox 280 1633 409 1672; x_wconf 87' lang='lat' dir='ltr'>facere</span> <span class='ocrx_word' id='word_1_170' title='bbox 441 1635 705 1683; x_wconf 74' lang='lat' dir='ltr'>Eurymedon,</span> <span class='ocrx_word' id='word_1_171' title='bbox 739 1637 1043 1686; x_wconf 84' lang='lat' dir='ltr'>Agamemnonis</span> <span class='ocrx_word' id='word_1_172' title='bbox 1074 1638 1223 1686; x_wconf 83' lang='lat' dir='ltr'>auriga,</span> <span class='ocrx_word' id='word_1_173' title='bbox 1252 1637 1416 1675; x_wconf 87' lang='lat' dir='ltr'>iubet-ur.</span> 
     </span>
    </p>
   </div>
   <div class='ocr_carea' id='block_1_4' title="bbox 2 1708 1506 2720">
    <p class='ocr_par' dir='ltr' id='par_1_6' title="bbox 27 1708 1506 1965">
     <span class='ocr_line' id='line_1_24' title="bbox 141 1708 1504 1765; baseline 0.004 -16"><span class='ocrx_word' id='word_1_174' title='bbox 141 1709 174 1748; x_wconf 86' lang='lat' dir='ltr'>b.</span> <span class='ocrx_word' id='word_1_175' title='bbox 213 1711 416 1750; x_wconf 87' lang='lat' dir='ltr'>Obiectum</span> <span class='ocrx_word' id='word_1_176' title='bbox 450 1708 614 1759; x_wconf 73' lang='grc' dir='ltr'><em>ἵππους</em></span> <span class='ocrx_word' id='word_1_177' title='bbox 650 1715 734 1753; x_wconf 88' lang='lat' dir='ltr'>sine</span> <span class='ocrx_word' id='word_1_178' title='bbox 770 1716 942 1764; x_wconf 87' lang='lat' dir='ltr'>epitheto</span> <span class='ocrx_word' id='word_1_179' title='bbox 979 1716 1123 1765; x_wconf 83' lang='lat' dir='ltr'>legitur</span> <span class='ocrx_word' id='word_1_180' title='bbox 1158 1715 1193 1752; x_wconf 78' lang='grc' dir='ltr'><em>Θ</em></span> <span class='ocrx_word' id='word_1_181' title='bbox 1218 1718 1311 1764; x_wconf 84' lang='grc'><strong>168;</strong></span> <span class='ocrx_word' id='word_1_182' title='bbox 1343 1715 1386 1752; x_wconf 62' lang='grc' dir='ltr'>,Υ</span> <span class='ocrx_word' id='word_1_183' title='bbox 1410 1720 1504 1764; x_wconf 69' lang='grc'>396;</span> 
     </span>
     <span class='ocr_line' id='line_1_25' title="bbox 32 1776 1504 1832; baseline 0.003 -16"><span class='ocrx_word' id='word_1_184' title='bbox 32 1776 179 1818; x_wconf 77' lang='lat' dir='ltr'>Y488.</span> <span class='ocrx_word' id='word_1_185' title='bbox 235 1781 379 1819; x_wconf 90' lang='lat' dir='ltr'>Tribus</span> <span class='ocrx_word' id='word_1_186' title='bbox 411 1783 471 1819; x_wconf 90' lang='lat' dir='ltr'>his</span> <span class='ocrx_word' id='word_1_187' title='bbox 505 1783 599 1821; x_wconf 88' lang='lat' dir='ltr'>locis</span> <span class='ocrx_word' id='word_1_188' title='bbox 631 1784 795 1821; x_wconf 86' lang='lat' dir='ltr'>verbum</span> <span class='ocrx_word' id='word_1_189' title='bbox 827 1784 990 1821; x_wconf 89' lang='lat' dir='ltr'>eandem</span> <span class='ocrx_word' id='word_1_190' title='bbox 1024 1783 1107 1822; x_wconf 90' lang='lat' dir='ltr'>fere</span> <span class='ocrx_word' id='word_1_191' title='bbox 1139 1784 1255 1821; x_wconf 84' lang='lat' dir='ltr'>habet</span> <span class='ocrx_word' id='word_1_192' title='bbox 1283 1785 1358 1821; x_wconf 88' lang='lat' dir='ltr'>vim</span> <span class='ocrx_word' id='word_1_193' title='bbox 1390 1797 1504 1832; x_wconf 73' lang='lat' dir='ltr'>quani</span> 
     </span>
     <span class='ocr_line' id='line_1_26' title="bbox 32 1848 1506 1901; baseline 0.002 -16"><span class='ocrx_word' id='word_1_194' title='bbox 32 1850 161 1893; x_wconf 88' lang='lat' dir='ltr'>„retro</span> <span class='ocrx_word' id='word_1_195' title='bbox 192 1848 391 1888; x_wconf 75' lang='lat' dir='ltr'>flectere“.</span> <span class='ocrx_word' id='word_1_196' title='bbox 451 1861 474 1886; x_wconf 94' lang='grc' dir='ltr'><em>ο</em></span> <span class='ocrx_word' id='word_1_197' title='bbox 503 1853 583 1889; x_wconf 79' lang='lat'>205</span> <span class='ocrx_word' id='word_1_198' title='bbox 620 1851 781 1889; x_wconf 88' lang='lat' dir='ltr'>verbum</span> <span class='ocrx_word' id='word_1_199' title='bbox 820 1852 1050 1901; x_wconf 81' lang='lat' dir='ltr'>simpliciter</span> <span class='ocrx_word' id='word_1_200' title='bbox 1085 1852 1280 1901; x_wconf 86' lang='lat' dir='ltr'>significat</span> <span class='ocrx_word' id='word_1_201' title='bbox 1315 1852 1506 1901; x_wconf 42' lang='lat' dir='ltr'>„flectere</span> 
     </span>
     <span class='ocr_line' id='line_1_27' title="bbox 27 1913 259 1965; baseline 0.009 -13"><span class='ocrx_word' id='word_1_202' title='bbox 27 1913 259 1965; x_wconf 85' lang='lat' dir='ltr'>vertere“.¹)</span> 
     </span>
    </p>

    <p class='ocr_par' dir='ltr' id='par_1_7' title="bbox 2 1995 1505 2720">
     <span class='ocr_line' id='line_1_28' title="bbox 141 1995 1504 2047; baseline 0.001 -14"><span class='ocrx_word' id='word_1_203' title='bbox 141 2005 176 2033; x_wconf 76' lang='lat' dir='ltr'>e.</span> <span class='ocrx_word' id='word_1_204' title='bbox 218 1995 423 2035; x_wconf 87' lang='lat' dir='ltr'>Obiectum</span> <span class='ocrx_word' id='word_1_205' title='bbox 462 2010 482 2035; x_wconf 92' lang='lat' dir='ltr'>e</span> <span class='ocrx_word' id='word_1_206' title='bbox 520 1998 789 2046; x_wconf 88' lang='lat' dir='ltr'>superioribus</span> <span class='ocrx_word' id='word_1_207' title='bbox 830 1998 1003 2047; x_wconf 84' lang='lat' dir='ltr'>suppleri</span> <span class='ocrx_word' id='word_1_208' title='bbox 1041 2000 1171 2047; x_wconf 88' lang='lat' dir='ltr'>potest</span> <span class='ocrx_word' id='word_1_209' title='bbox 1209 1997 1248 2034; x_wconf 67' lang='lat' dir='ltr'>l«)</span> <span class='ocrx_word' id='word_1_210' title='bbox 1277 2000 1367 2036; x_wconf 86' lang='lat'>505.</span> <span class='ocrx_word' id='word_1_211' title='bbox 1435 1998 1504 2034; x_wconf 83' lang='lat' dir='ltr'>IIic</span> 
     </span>
     <span class='ocr_line' id='line_1_29' title="bbox 28 2058 1504 2114; baseline 0.001 -14"><span class='ocrx_word' id='word_1_212' title='bbox 28 2062 222 2101; x_wconf 85' lang='lat' dir='ltr'>obiectum</span> <span class='ocrx_word' id='word_1_213' title='bbox 255 2058 419 2110; x_wconf 85' lang='grc' dir='ltr'><em>ἵππους</em></span> <span class='ocrx_word' id='word_1_214' title='bbox 458 2077 477 2104; x_wconf 91' lang='lat' dir='ltr'>e</span> <span class='ocrx_word' id='word_1_215' title='bbox 515 2065 775 2114; x_wconf 79' lang='lat' dir='ltr'>praecedente</span> <span class='ocrx_word' id='word_1_216' title='bbox 807 2066 989 2114; x_wconf 88' lang='lat' dir='ltr'>genetivo</span> <span class='ocrx_word' id='word_1_217' title='bbox 1023 2061 1174 2102; x_wconf 59' lang='grc' dir='ltr'><em>ἳππων</em></span> <span class='ocrx_word' id='word_1_218' title='bbox 1211 2066 1247 2102; x_wconf 82' lang='grc'>111</span> <span class='ocrx_word' id='word_1_219' title='bbox 1279 2077 1394 2102; x_wconf 85' lang='lat' dir='ltr'>versu</span> <span class='ocrx_word' id='word_1_220' title='bbox 1425 2067 1504 2102; x_wconf 81' lang='lat'>504</span> 
     </span>
     <span class='ocr_line' id='line_1_30' title="bbox 29 2123 1505 2182; baseline 0 -14"><span class='ocrx_word' id='word_1_221' title='bbox 29 2130 312 2170; x_wconf 86' lang='lat' dir='ltr'>desumendum</span> <span class='ocrx_word' id='word_1_222' title='bbox 335 2136 404 2171; x_wconf 88' lang='lat' dir='ltr'>est.</span> <span class='ocrx_word' id='word_1_223' title='bbox 451 2131 491 2171; x_wconf 76' lang='grc' dir='ltr'><em>Ψ</em></span> <span class='ocrx_word' id='word_1_224' title='bbox 509 2136 588 2172; x_wconf 82' lang='lat'>323</span> <span class='ocrx_word' id='word_1_225' title='bbox 617 2145 664 2171; x_wconf 84' lang='lat' dir='ltr'>ex</span> <span class='ocrx_word' id='word_1_226' title='bbox 686 2133 943 2171; x_wconf 82' lang='lat' dir='ltr'>antecedente</span> <span class='ocrx_word' id='word_1_227' title='bbox 961 2133 1111 2171; x_wconf 78' lang='lat' dir='ltr'>obiecto</span> <span class='ocrx_word' id='word_1_228' title='bbox 1133 2123 1322 2182; x_wconf 75' lang='grc' dir='ltr'><em>ἥσσονας</em></span> <span class='ocrx_word' id='word_1_229' title='bbox 1343 2127 1505 2175; x_wconf 60' lang='grc' dir='ltr'><em>ἵππου,-</em></span> 
     </span>
     <span class='ocr_line' id='line_1_31' title="bbox 28 2187 1505 2251; baseline -0.002 -15"><span class='ocrx_word' id='word_1_230' title='bbox 28 2201 87 2236; x_wconf 84' lang='lat' dir='ltr'>est</span> <span class='ocrx_word' id='word_1_231' title='bbox 117 2191 283 2244; x_wconf 80' lang='grc' dir='ltr'><em>ἵππους</em></span> <span class='ocrx_word' id='word_1_232' title='bbox 317 2200 367 2238; x_wconf 87' lang='lat' dir='ltr'>ad</span> <span class='ocrx_word' id='word_1_233' title='bbox 399 2196 573 2251; x_wconf 78' lang='grc' dir='ltr'><em>στρέφει</em></span> <span class='ocrx_word' id='word_1_234' title='bbox 604 2201 850 2238; x_wconf 84' lang='lat' dir='ltr'>trahendum.</span> <span class='ocrx_word' id='word_1_235' title='bbox 910 2199 954 2237; x_wconf 85' lang='grc' dir='ltr'><em>Σ</em></span> <span class='ocrx_word' id='word_1_236' title='bbox 979 2203 1059 2238; x_wconf 70' lang='lat'>544</span> <span class='ocrx_word' id='word_1_237' title='bbox 1091 2212 1202 2237; x_wconf 90' lang='lat' dir='ltr'>vero:</span> <span class='ocrx_word' id='word_1_238' title='bbox 1240 2194 1281 2236; x_wconf 77' lang='grc' dir='ltr'>οἱ</span> <span class='ocrx_word' id='word_1_239' title='bbox 1313 2188 1349 2235; x_wconf 64' lang='grc' dir='ltr'>(δ’</span> <span class='ocrx_word' id='word_1_240' title='bbox 1371 2187 1505 2235; x_wconf 80' lang='grc' dir='ltr'><em>ὁπότε</em></span> 
     </span>
     <span class='ocr_line' id='line_1_32' title="bbox 29 2256 1505 2317; baseline -0.001 -15"><span class='ocrx_word' id='word_1_241' title='bbox 29 2260 296 2315; x_wconf 81' lang='grc' dir='ltr'><em>στρέψαντες</em></span> <span class='ocrx_word' id='word_1_242' title='bbox 327 2261 498 2305; x_wconf 75' lang='grc' dir='ltr'><em>ἱκοίατο</em></span> <span class='ocrx_word' id='word_1_243' title='bbox 530 2263 690 2305; x_wconf 75' lang='grc' dir='ltr'><em>τέλσον</em></span> <span class='ocrx_word' id='word_1_244' title='bbox 723 2256 925 2317; x_wconf 66' lang='grc' dir='ltr'><em>ἀρούρης,</em></span> <span class='ocrx_word' id='word_1_245' title='bbox 957 2271 995 2304; x_wconf 85' lang='lat' dir='ltr'>et</span> <span class='ocrx_word' id='word_1_246' title='bbox 1022 2266 1065 2304; x_wconf 80' lang='grc' dir='ltr'>Σ-</span> <span class='ocrx_word' id='word_1_247' title='bbox 1083 2269 1179 2305; x_wconf 79' lang='lat'>546:</span> <span class='ocrx_word' id='word_1_248' title='bbox 1210 2262 1279 2302; x_wconf 87' lang='grc' dir='ltr'>τοὶ</span> <span class='ocrx_word' id='word_1_249' title='bbox 1311 2262 1355 2302; x_wconf 71' lang='grc' dir='ltr'>ὁὲ-</span> <span class='ocrx_word' id='word_1_250' title='bbox 1386 2261 1505 2314; x_wconf 77' lang='grc' dir='ltr'><em>στρέ-</em></span> 
     </span>
     <span class='ocr_line' id='line_1_33' title="bbox 2 2323 1505 2385; baseline -0.001 -15"><span class='ocrx_word' id='word_1_251' title='bbox 2 2331 203 2382; x_wconf 80' lang='grc' dir='ltr'><em>“ψασκον</em></span> <span class='ocrx_word' id='word_1_252' title='bbox 243 2323 507 2385; x_wconf 70' lang='grc' dir='ltr'><em>ἄν’ὅγμους,</em></span> <span class='ocrx_word' id='word_1_253' title='bbox 554 2336 621 2384; x_wconf 87' lang='lat' dir='ltr'>qui</span> <span class='ocrx_word' id='word_1_254' title='bbox 664 2336 737 2373; x_wconf 91' lang='lat' dir='ltr'>loci</span> <span class='ocrx_word' id='word_1_255' title='bbox 783 2335 830 2371; x_wconf 86' lang='lat' dir='ltr'>ad</span> <span class='ocrx_word' id='word_1_256' title='bbox 875 2334 1174 2383; x_wconf 81' lang='lat' dir='ltr'>descriptionem</span> <span class='ocrx_word' id='word_1_257' title='bbox 1217 2333 1328 2380; x_wconf 81' lang='lat' dir='ltr'>scuti,</span> <span class='ocrx_word' id='word_1_258' title='bbox 1375 2344 1505 2369; x_wconf 87' lang='lat' dir='ltr'>recen-</span> 
     </span>
     <span class='ocr_line' id='line_1_34' title="bbox 27 2400 1503 2453; baseline -0.002 -15"><span class='ocrx_word' id='word_1_259' title='bbox 27 2401 166 2439; x_wconf 89' lang='lat' dir='ltr'>tiorem</span> <span class='ocrx_word' id='word_1_260' title='bbox 197 2402 327 2440; x_wconf 83' lang='lat' dir='ltr'>Iliadis</span> <span class='ocrx_word' id='word_1_261' title='bbox 358 2406 524 2453; x_wconf 86' lang='lat' dir='ltr'>partem,</span> <span class='ocrx_word' id='word_1_262' title='bbox 559 2404 771 2453; x_wconf 83' lang='lat' dir='ltr'>pertinent,</span> <span class='ocrx_word' id='word_1_263' title='bbox 813 2402 981 2439; x_wconf 87' lang='lat' dir='ltr'>dubitari</span> <span class='ocrx_word' id='word_1_264' title='bbox 1014 2405 1153 2450; x_wconf 85' lang='lat' dir='ltr'>potest,</span> <span class='ocrx_word' id='word_1_265' title='bbox 1184 2403 1313 2438; x_wconf 90' lang='lat' dir='ltr'>utrum</span> <span class='ocrx_word' id='word_1_266' title='bbox 1344 2400 1503 2436; x_wconf 89' lang='lat' dir='ltr'>verbum</span> 
     </span>
     <span class='ocr_line' id='line_1_35' title="bbox 27 2462 1505 2519; baseline -0.002 -14"><span class='ocrx_word' id='word_1_267' title='bbox 27 2467 103 2505; x_wconf 80' lang='lat' dir='ltr'>illis</span> <span class='ocrx_word' id='word_1_268' title='bbox 133 2469 239 2519; x_wconf 85' lang='lat' dir='ltr'>locis,</span> <span class='ocrx_word' id='word_1_269' title='bbox 276 2469 306 2507; x_wconf 93' lang='lat' dir='ltr'>si</span> <span class='ocrx_word' id='word_1_270' title='bbox 339 2482 359 2507; x_wconf 86' lang='lat' dir='ltr'>e</span> <span class='ocrx_word' id='word_1_271' title='bbox 390 2470 658 2519; x_wconf 87' lang='lat' dir='ltr'>superioribus</span> <span class='ocrx_word' id='word_1_272' title='bbox 690 2470 881 2507; x_wconf 89' lang='lat' dir='ltr'>obiectum</span> <span class='ocrx_word' id='word_1_273' title='bbox 915 2462 1063 2518; x_wconf 72' lang='grc' dir='ltr'><em>ζεύγεα</em></span> <span class='ocrx_word' id='word_1_274' title='bbox 1096 2467 1166 2514; x_wconf 85' lang='lat' dir='ltr'>(vs.</span> <span class='ocrx_word' id='word_1_275' title='bbox 1197 2466 1292 2513; x_wconf 72' lang='lat'>543)</span> <span class='ocrx_word' id='word_1_276' title='bbox 1325 2466 1505 2504; x_wconf 86' lang='lat' dir='ltr'>subaudi-</span> 
     </span>
     <span class='ocr_line' id='line_1_36' title="bbox 27 2535 1504 2585; baseline -0.002 -13"><span class='ocrx_word' id='word_1_277' title='bbox 27 2536 143 2585; x_wconf 83' lang='lat' dir='ltr'>veris,</span> <span class='ocrx_word' id='word_1_278' title='bbox 166 2537 416 2575; x_wconf 86' lang='lat' dir='ltr'>transitivum</span> <span class='ocrx_word' id='word_1_279' title='bbox 440 2551 488 2575; x_wconf 83' lang='lat' dir='ltr'>an</span> <span class='ocrx_word' id='word_1_280' title='bbox 511 2539 584 2575; x_wconf 88' lang='lat' dir='ltr'>iam</span> <span class='ocrx_word' id='word_1_281' title='bbox 608 2537 896 2575; x_wconf 87' lang='lat' dir='ltr'>intransitivum</span> <span class='ocrx_word' id='word_1_282' title='bbox 920 2537 969 2573; x_wconf 84' lang='lat' dir='ltr'>sit</span> <span class='ocrx_word' id='word_1_283' title='bbox 991 2535 1309 2585; x_wconf 85' lang='lat' dir='ltr'>intellegendum.</span> <span class='ocrx_word' id='word_1_284' title='bbox 1351 2535 1504 2571; x_wconf 83' lang='lat' dir='ltr'>Utrum-</span> 
     </span>
     <span class='ocr_line' id='line_1_37' title="bbox 28 2602 1501 2654; baseline -0.003 -13"><span class='ocrx_word' id='word_1_285' title='bbox 28 2615 104 2652; x_wconf 87' lang='lat' dir='ltr'>que</span> <span class='ocrx_word' id='word_1_286' title='bbox 124 2603 218 2642; x_wconf 87' lang='lat' dir='ltr'>ferri</span> <span class='ocrx_word' id='word_1_287' title='bbox 240 2607 386 2654; x_wconf 83' lang='lat' dir='ltr'>potest3</span> <span class='ocrx_word' id='word_1_288' title='bbox 419 2608 524 2643; x_wconf 85' lang='lat' dir='ltr'>certe</span> <span class='ocrx_word' id='word_1_289' title='bbox 548 2609 677 2643; x_wconf 84' lang='lat' dir='ltr'>tamen</span> <span class='ocrx_word' id='word_1_290' title='bbox 706 2604 939 2652; x_wconf 85' lang='lat' dir='ltr'>significatio</span> <span class='ocrx_word' id='word_1_291' title='bbox 961 2604 1073 2641; x_wconf 84' lang='lat' dir='ltr'>verbi</span> <span class='ocrx_word' id='word_1_292' title='bbox 1097 2603 1281 2652; x_wconf 88' lang='lat' dir='ltr'>imprimis</span> <span class='ocrx_word' id='word_1_293' title='bbox 1308 2602 1345 2638; x_wconf 92' lang='lat' dir='ltr'>in</span> <span class='ocrx_word' id='word_1_294' title='bbox 1369 2613 1402 2638; x_wconf 81' lang='lat' dir='ltr'>v,</span> <span class='ocrx_word' id='word_1_295' title='bbox 1423 2603 1501 2638; x_wconf 77' lang='lat'>546</span> 
     </span>
     <span class='ocr_line' id='line_1_38' title="bbox 27 2669 865 2720; baseline 0.001 -13"><span class='ocrx_word' id='word_1_296' title='bbox 27 2669 133 2709; x_wconf 87' lang='lat' dir='ltr'>haud</span> <span class='ocrx_word' id='word_1_297' title='bbox 163 2671 280 2720; x_wconf 86' lang='lat' dir='ltr'>longe</span> <span class='ocrx_word' id='word_1_298' title='bbox 311 2672 360 2710; x_wconf 92' lang='lat' dir='ltr'>ab</span> <span class='ocrx_word' id='word_1_299' title='bbox 391 2672 641 2711; x_wconf 84' lang='lat' dir='ltr'>intransitiva</span> <span class='ocrx_word' id='word_1_300' title='bbox 667 2672 704 2708; x_wconf 92' lang='lat' dir='ltr'>vi</span> <span class='ocrx_word' id='word_1_301' title='bbox 736 2671 865 2709; x_wconf 85' lang='lat' dir='ltr'>distat.</span> 
     </span>
    </p>
   </div>
   <div class='ocr_carea' id='block_1_5' title="bbox 142 2777 749 2822">
    <p class='ocr_par' dir='ltr' id='par_1_8' title="bbox 142 2777 749 2822">
     <span class='ocr_line' id='line_1_39' title="bbox 142 2777 749 2822; baseline -0.003 -9"><span class='ocrx_word' id='word_1_302' title='bbox 142 2779 166 2822; x_wconf 90' lang='lat'>¹)</span> <span class='ocrx_word' id='word_1_303' title='bbox 197 2777 252 2814; x_wconf 82' lang='lat' dir='ltr'>Cf.</span> <span class='ocrx_word' id='word_1_304' title='bbox 277 2778 432 2814; x_wconf 78' lang='lat' dir='ltr'>Ameisii</span> <span class='ocrx_word' id='word_1_305' title='bbox 457 2779 581 2814; x_wconf 85' lang='lat' dir='ltr'>adnot.</span> <span class='ocrx_word' id='word_1_306' title='bbox 606 2778 652 2812; x_wconf 84' lang='lat' dir='ltr'>ad</span> <span class='ocrx_word' id='word_1_307' title='bbox 677 2777 708 2812; x_wconf 94' lang='lat' dir='ltr'>h.</span> <span class='ocrx_word' id='word_1_308' title='bbox 728 2778 749 2811; x_wconf 92' lang='lat' dir='ltr'>l.</span> 
     </span>
    </p>
   </div>
  </div>
 </body>
</html>
