1815 3231
1424 210 1431 242 1
1445 210 1466 241 ι’)
1473 211 1493 241 .·'›

27 305 149 343 verba
180 295 283 343 οὐδὲ
317 295 432 351 ὅλως
464 302 653 358 ἰ-’γραψε-ι’
691 311 726 347 in
767 324 851 348 vum
891 313 1042 361 vadant,
1084 316 1144 362 qui
1189 317 1394 354 vililioncm
1435 319 1494 355 :ul-

29 374 244 423 ornaverit,
285 377 322 411 et
363 374 411 412 dc
454 377 620 424 Ephesio
662 380 818 427 saepius
859 381 935 417 sint
974 381 1090 430 dicta,
1133 388 1234 420 ‹wi-tv
1276 386 1496 423 zenodotus

32 441 229 490 Ephesius
252 445 311 480 est
331 438 631 492 intellegendus.
677 447 728 483 At
750 449 918 496 quaeris,
940 450 1131 497 quomodo
1156 453 1334 489 Mallotzu·
1358 467 1497 499 vogno-

29 521 116 547 men
157 509 247 547 addi
289 512 471 558 potuerit.
541 512 690 558 Quodsi
738 518 980 563 reputaveris
1031 519 1266 556 lciistatliinm
1316 521 1494 558 iudicium

29 576 216 615 Zenodoti
248 576 347 615 falso
369 578 517 616 referre
549 580 596 617 ad
620 593 678 618 vs.
699 584 872 630 65-77,
905 584 939 619 in
969 584 1124 621 scholiis
1148 588 1221 623 AT
1253 589 1378 624 omnia
1402 589 1497 625 hone

29 655 71 682 se
102 644 258 694 habere,
290 645 451 683 multum
486 646 604 685 habet
625 649 708 685 veri
730 650 990 688 similitudinis
1023 664 1117 692 cuni,
1152 666 1234 690 rum
1270 656 1304 691 in
1330 655 1497 692 tontibus

28 712 269 750 Zenodotum
304 713 516 762 Ephesium
550 719 587 752 et
618 716 814 754 Mallotam
849 718 1004 755 allatum
1030 719 1260 768 halmcrit¹l,
1293 726 1497 771 utrumque

29 779 265 819 confudisse.
329 781 463 831 Atque
501 783 574 819 etsi
611 796 713 832 quae
751 784 822 822 hoc
860 786 943 822 loco
982 787 1200 825 Zenodotns
1239 790 1396 826 Mallota
1435 790 1498 826 do-

30 850 155 887 cuerit
185 861 256 887 nos
288 849 390 898 fugit
420 871 475 875 -
507 864 594 888 nam
624 853 753 890 elucet
784 855 1013 891 sententiam
1041 856 1193 904 Ephesii
1226 858 1272 893 ab
1298 858 1498 895 Eustzuhio

29 918 228 966 perhiberi
248 938 314 967 ——,
346 919 431 956 iure
454 920 699 969 suspicamur
721 932 857 959 versus
881 925 1052 960 455—-77,
1085 936 1246 972 quornm
1278 925 1500 962 Eustathins

31 986 266 1024 mentionem
290 985 385 1024 facit
416 987 605 1025 recedens
628 1000 649 1024 a
671 988 830 1025 scholiis
853 989 940 1036 AT,
971 991 1004 1026 in
1030 1002 1183 1027 censum
1218 997 1372 1029 vocatos
1405 1006 1498 1029 vssv.

31 1052 147 1100 Quod
186 1065 355 1104 quonam
393 1054 431 1092 in
464 1055 562 1093 libro
601 1055 746 1093 factum
784 1057 833 1093 sit
871 1060 975 1094 certo
1016 1058 1215 1095 diiudicari
1256 1061 1404 1108 nequit3
1448 1064 1500 1096 at-

30 1124 160 1160 tamen
191 1122 286 1160 nihil
317 1122 474 1160 obstare
505 1123 675 1174 videtur,
707 1124 913 1173 quominus
945 1125 991 1163 dc
1024 1127 1304 1164 commentariis
1328 1128 1499 1165 llomcri-

33 1189 87 1227 cis
117 1189 344 1238 cogitemus.

144 1269 284 1307 Restat
320 1281 367 1307 ex
404 1270 590 1308 Zenodoti
628 1271 810 1308 Mallotae
842 1271 1015 1320 reliquiis
1053 1272 1099 1308 ad
1140 1273 1293 1310 Homeri
1334 1274 1502 1310 carmina

33 1336 269 1386 explicanda
306 1340 345 1374 et
378 1337 622 1375 emendanda
659 1339 945 1387 pertinentibus
981 1341 1051 1376 iam
1091 1340 1183 1376 nihil
1225 1340 1293 1376 nisi
1325 1340 1441 1377 schol.
1471 1343 1499 1377 A

32 1403 80 1442 ad
113 1404 199 1454 ΙΙψ
223 1407 286 1454 79,
325 1404 431 1454 quod
470 1408 599 1443 utrum
638 1405 886 1444 tribuendum
924 1407 971 1444 sit
1007 1407 1115 1451 libro,
1155 1408 1190 1444 in
1229 1419 1305 1456 quo
1342 1408 1418 1455 egit
1457 1407 1503 1444 de

31 1472 227 1520 Paeeone,
267 1485 316 1510 an
357 1473 429 1521 illi,
472 1486 586 1522 quem
629 1474 847 1523 composuit
888 1475 935 1512 de
977 1475 1151 1512 versibus
1192 1475 1238 1512 ab
1279 1475 1504 1512 Aristarcho

35 1540 240 1587 damnatis,
272 1554 320 1579 an
345 1542 632 1580 commentariis
654 1542 884 1588 Homericis,
917 1543 1019 1581 unde
1046 1543 1217 1580 scholion
1246 1543 1292 1579 ad
1319 1544 1356 1580 ll.
1380 1554 1401 1578 o
1426 1546 1502 1581 252

33 1608 155 1647 fluere
187 1610 362 1658 potuisse
394 1622 472 1648 non
504 1611 726 1659 negaveris,
757 1611 794 1648 in
827 1610 951 1648 medio
984 1611 1173 1659 relinquo.

149 1688 431 1737 Abrogandum
474 1701 559 1727 esse
599 1689 797 1727 Zenodoto
838 1690 1021 1727 Mallotae
1063 1694 1155 1738 puto
1196 1688 1351 1737 librum,
1393 1701 1504 1736 quem

35 1754 309 1803 Schmidtius2)
331 1757 366 1794 ei
383 1757 557 1795 obtrudit
578 1757 726 1795 scholio
749 1769 842 1795 usus
860 1757 1139 1795 Pseudo-Serv.
1162 1756 1302 1794 Comm.
1325 1756 1372 1792 ad
1395 1757 1506 1803 Verg.

35 1824 132 1862 Aen.
160 1824 268 1863 128:
309 1824 435 1871 „Sane
467 1825 530 1862 hic
561 1825 806 1874 Ganymedes
836 1825 972 1862 Latine
1001 1824 1210 1862 Catamitus
1238 1824 1387 1869 (licitur,
1420 1823 1507 1859 licet

36 1891 294 1942 Theodotius,
311 1893 377 1942 qui
395 1893 537 1930 Iliacas
555 1904 617 1930 res
634 1892 872 1941 perscripsit,
889 1892 991 1929 hunc
1009 1891 1126 1928 fuisse
1145 1891 1252 1928 Belin
1273 1889 1505 1927 Chaldaeum

38 1958 144 1997 dicat
174 1963 213 1997 et
238 1959 498 1998 Laomedonti
528 1960 780 2009 praedixisse,
817 1963 908 1996 tunc
942 1958 1153 2007 perituram
1186 1961 1222 1995 et
1249 1958 1440 1994 civitatem
1473 1961 1508 1992 et

38 2039 202 2077 regnum
234 2028 463 2076 Troianum,
500 2040 586 2065 cum
619 2028 665 2066 de
701 2030 829 2065 monte
862 2027 1000 2064 Metios
1036 2028 1173 2075 sponte
1204 2025 1339 2062 fuisset
1376 2036 1508 2061 saxum

38 2095 233 2145 elapsum:
261 2095 365 2145 quod
389 2108 474 2134 cum
498 2096 705 2143 evenisset,
732 2098 867 2144 postea
889 2094 998 2132 Ilium
1023 2105 1105 2131 esse
1129 2091 1330 2130 dirutam.“
1373 2092 1511 2129 Censet

39 2165 167 2201 autem
182 2162 419 2201 Schmidtius
435 2168 598 2213 propter
613 2162 894 2202 Chaldaeorum
911 2161 1310 2199 commemorationem
1327 2158 1373 2195 de
1389 2170 1510 2206 gram-

40 2232 180 2269 matico
197 2231 442 2280 Pergameno
461 2243 548 2269 esse
568 2230 815 2280 cogitandum
839 2241 1004 2278 eumque
1021 2240 1106 2265 esse
1123 2227 1361 2265 Zenodotum
1382 2225 1513 2262 Mallo-

5 2333 9 2337 <
39 2301 128 2345 tam,
160 2311 246 2337 cum
278 2299 488 2337 Theodotii
521 2311 676 2347 nomen,
711 2297 816 2347 quod
847 2295 1087 2345 temporibus
1118 2293 1402 2342 antiquioribus
1434 2304 1509 2329 non

41 2369 234 2413 occurrat,
266 2379 344 2405 non
376 2367 586 2405 conveniat
617 2366 662 2411 ei,
695 2366 759 2414 qui
795 2376 881 2410 „res
905 2362 1063 2400 Iliacas“
1100 2361 1371 2410 composuerit.
1431 2359 1511 2396 Etsi

43 2434 216 2473 concedo
254 2436 362 2472 recte
393 2433 604 2472 offendisse
634 2432 886 2470 Schmidtium
926 2431 963 2468 in
994 2442 1040 2467 ea
1070 2441 1121 2472 re,
1160 2427 1263 2477 quod
1295 2425 1511 2463 Theodotio

48 2514 134 2549 „res
164 2501 329 2540 Iliacas“
369 2502 488 2540 tribui
517 2502 583 2539 vix
621 2512 736 2551 posse
773 2498 984 2547 contendit,
1021 2497 1282 2535 coniecturam
1320 2495 1402 2531 eius
1440 2505 1514 2530 am-

158 2654 186 2699 1)
220 2653 444 2689 Schraderus
469 2653 669 2697 Ephesium
694 2651 838 2695 quidem
864 2650 957 2683 inter
983 2643 1230 2693 ὀβελίζοντας,
1256 2644 1436 2678 Mallotam
1462 2643 1514 2676 in-

46 2713 102 2744 ter
119 2707 277 2751 λύοντας
294 2713 611 2744 commemoratum
627 2708 741 2742 fuisse
759 2705 909 2747 censuit,
936 2705 1001 2739 sed
1027 2703 1161 2745 confer,
1186 2710 1278 2745 quae
1303 2700 1347 2733 de
1365 2703 1512 2733 auctore

45 2765 268 2801 solutionum
293 2766 564 2801 Homericarum
589 2763 840 2799 disseruimus.

158 2824 189 2865 2)
217 2821 350 2857 Rhein.
367 2821 457 2857 Mus.
475 2821 544 2855 XX
570 2831 603 2865 p.
623 2824 699 2857 456.

1258 2879 1317 2911 11*
