1830 3201
262 195 340 228 222

261 301 376 339 homo
414 298 611 345 doctus-¹¹)
647 320 701 325 —
737 301 774 337 et
812 299 885 336 hoc
921 300 1103 348 probavit
1136 300 1452 338 Wilamowitzius
1493 300 1742 350 (Untersuch

262 381 298 418 p.
326 371 402 407 166
436 370 473 405 et
500 365 692 404 Herakles
724 379 760 415 p.
785 364 879 412 179)
910 386 963 392 —
995 367 1111 404 unius
1143 367 1321 416 syllogen
1354 367 1563 405 adhibitam
1587 380 1672 406 esse
1702 369 1740 406 in

263 434 420 472 scholiis
459 434 549 471 inde
587 432 692 482 quod
724 444 915 482 persaepe
949 433 1091 482 legitur
1128 433 1441 472 antecedentium
1478 438 1545 472 aut
1576 447 1741 484 sequen-

262 502 356 539 tium
387 501 624 539 scholiorum
657 500 809 538 ratione
840 500 991 538 habita:
1029 495 1207 551 εἲρηται,
1243 497 1517 552 προείρηται,
1552 495 1743 552 δεδήλω-

263 580 333 606 ται
364 571 464 617 cett.‚
503 568 644 617 quibus
675 567 806 605 verbis
837 570 1052 605 commotus
1091 580 1217 617 usque
1249 580 1293 607 eo
1331 581 1565 618 progressus
1597 573 1665 619 est,
1701 573 1744 608 ut

265 637 451 685 ordinem,
487 647 564 684 quo
603 635 639 672 in
673 633 891 683 Symmachi
928 636 1205 673 commentario
1242 636 1331 673 olim
1371 637 1576 686 expositae
1613 641 1744 676 essent

265 703 486 740 fabularum
510 702 804 751 explicationes,
831 702 1058 740 restitueret
1084 703 1130 739 iis
1158 715 1260 751 quae
1283 706 1419 741 contra
1440 704 1546 741 hunc
1568 704 1742 742 ordinem

265 770 448 808 dicebant
486 769 606 818 magis
645 770 820 806 minusve
856 768 1065 807 artificiose
1104 771 1273 807 remotis.
1334 770 1448 818 Quod
1485 783 1600 820 quam
1634 772 1745 809 vanis

267 838 414 875 nitatur
446 837 688 885 argumentIs
719 835 958 884 Engerusffl)
989 836 1188 885 probavit3
1220 838 1333 875 immo
1365 837 1458 886 ipsis
1490 838 1549 875 his
1579 833 1744 888 εἴρηται

265 908 352 942 cett.
382 903 572 952 probatur
604 903 863 952 complurium
887 902 1182 940 scholiastarum
1215 904 1327 941 nobis
1359 907 1534 942 servatas
1565 917 1649 943 esse
1680 918 1744 943 ex-

266 972 496 1021 plicationes
529 970 723 1008 diversum
753 970 973 1007 fabularum
997 970 1172 1008 ordinem
1205 974 1374 1017 secutas,
1406 984 1508 1020 quae
1539 976 1675 1020 postea
1706 973 1744 1010 in

267 1052 385 1077 unum
410 1050 553 1088 corpus
577 1040 787 1086 congestae
809 1040 909 1075 sunt.
957 1037 1072 1084 Quod
1095 1050 1172 1076 uno
1196 1039 1375 1088 exemplo
1399 1040 1745 1089 comprobaverim.

266 1108 373 1144 Bene
410 1105 675 1143 Schneiderus
711 1105 882 1143 ostendit
918 1117 1032 1154 pagg.
1061 1108 1126 1143 40.
1158 1109 1210 1144 42
1250 1107 1466 1156 Vesparum
1498 1107 1668 1145 fabulam
1706 1109 1743 1145 in

268 1174 478 1222 exemplari
508 1173 676 1222 quodam
706 1173 863 1210 scholiis
891 1176 1042 1221 ornato,
1073 1177 1114 1210 ut
1146 1186 1216 1211 nos
1247 1173 1422 1219 dIcimus⁷
1454 1175 1492 1212 in
1524 1174 1745 1223 Symmachi

268 1241 556 1288 commentario,
588 1243 630 1277 ut
659 1240 723 1277 ille
754 1239 916 1288 putavit,
948 1244 1055 1288 post
1087 1241 1248 1289 Equites
1279 1241 1405 1278 locum
1438 1242 1637 1287 habuisse;
1676 1242 1743 1280 sed

269 1322 314 1346 ex
355 1309 475 1346 schol.
509 1308 638 1356 Equit.
667 1309 746 1345 449
790 1308 932 1345 collato
975 1307 1124 1345 scholio
1161 1309 1274 1356 Vesp.
1306 1310 1385 1346 502
1429 1312 1537 1358 patet
1582 1309 1744 1348 eandem

268 1380 375 1414 ante
398 1376 583 1424 Equitum
606 1375 775 1412 fabulam
807 1374 973 1424 positam
1006 1375 1142 1413 fuisse:
1181 1376 1283 1413 unde
1316 1377 1408 1425 quid
1440 1377 1644 1425 sequitur?
1696 1379 1746 1416 Ut

267 1444 363 1480 alter
395 1443 625 1480 scholiastes
657 1443 743 1491 hoc,
773 1442 871 1479 alter
903 1442 969 1479 illo
993 1443 1077 1480 loco
1110 1443 1283 1491 prolatas
1316 1443 1466 1481 fabulas
1498 1444 1654 1482 scholiis
1686 1457 1742 1483 or-

269 1511 432 1548 naverit.
496 1510 675 1548 Ceterum
716 1509 816 1547 idem
859 1513 968 1558 patet
1008 1522 1055 1547 ex
1095 1511 1216 1548 schol.
1249 1511 1483 1549 Plut.1146
1520 1511 1542 1548 1.
1572 1514 1638 1557 16,
1681 1512 1744 1550 ubi

265 1569 453 1614 ὄπισθεν
492 1577 584 1615 illud
623 1577 672 1615 ad
704 1577 825 1614 schol.
852 1577 951 1614 Plut..
981 1579 1060 1615 550
1092 1578 1114 1614 1.
1144 1581 1268 1626 3sqq.
1305 1581 1487 1626 spectans
1524 1591 1600 1616 non
1637 1580 1744 1628 Sym-

266 1649 466 1686 macheum
500 1660 597 1697 esse,
634 1648 702 1686 sed
739 1648 978 1696 grammatici
1012 1648 1212 1685 cuiusdam
1246 1648 1450 1697 Byzantini
1488 1653 1626 1697 postea
1656 1662 1744 1697 pro·

265 1718 376 1756 babO.
435 1717 487 1754 At
519 1728 619 1753 unus
653 1716 762 1753 locus
793 1716 830 1752 in
864 1715 1023 1753 scholiis
1056 1719 1196 1762 exstat,
1228 1728 1305 1764 quo
1339 1728 1455 1753 unum
1487 1716 1612 1755 solum
1645 1729 1744 1754 com-

266 1785 496 1825 mentarium
527 1783 740 1821 adhibitum
774 1795 858 1820 esse
890 1783 1048 1832 probari
1072 1783 1238 1831 videtur,
1271 1784 1373 1821 unde
1405 1784 1634 1822 Schneideri
1664 1788 1745 1823 tota

265 1853 549 1903 argumentatio
583 1852 758 1900 profecta
780 1850 912 1898 est¹³³)‚
943 1851 1060 1890 schol.
1084 1853 1183 1889 Plut.
1210 1855 1327 1902 1037,
1360 1854 1422 1890 ubi
1455 1854 1598 1902 legitur
1628 1853 1649 1890 l.
1675 1857 1743 1895 16:

264 1919 310 1960 ἐν
353 1918 395 1959 δὲ
440 1920 508 1972 τῷ
548 1910 826 1970 ὑπομνήματι
873 1910 1038 1963 οὕτως·
1082 1918 1215 1956 τοῦτο
1258 1920 1353 1957 κτλ.
1407 1924 1510 1967 (nam
1555 1921 1743 1958 scholium

266 1992 351 2028 Pac.
378 1994 467 2033 742,
501 1990 563 2026 ubi
597 1993 655 2026 est
686 1979 828 2031 οὕτως
852 1975 984 2036 εὗρον
1015 1981 1061 2023 ἐι)
1086 1976 1363 2036 {inclamitant
1395 1989 1559 2026 articulo
1592 1989 1743 2034 omisso,

266 2060 341 2096 huc
388 2071 464 2096 nou
514 2057 713 2106 pertinere
760 2058 866 2093 recte
911 2056 1003 2092 vidit
1046 2051 1374 2101 Gerhardiusffip.
1443 2056 1518 2094 Sed
1565 2058 1627 2095 vel
1673 2060 1744 2097 hoc

265 2128 348 2164 loco
388 2125 480 2174 quid
517 2123 625 2161 aliud
664 2122 856 2160 efficiatur
899 2123 1077 2171 equidem
1117 2135 1192 2160 non
1232 2123 1345 2161 video
1386 2124 1456 2162 nisi
1494 2125 1741 2164 scholiastam

267 2207 367 2243 eum,
398 2193 463 2242 qui
497 2193 571 2229 hoc
603 2192 791 2229 scholium
823 2191 1091 2240 adscripserIt‚
1128 2191 1190 2228 1116
1223 2203 1298 2228 uno
1331 2194 1481 2229 tantum
1514 2204 1624 2230 usum
1657 2206 1743 2232 esse

267 2258 621 2304 conmentarioffi),
671 2260 774 2307 quod
816 2259 863 2296 ad
907 2260 1035 2296 omnia
1076 2259 1222 2296 scholia
1263 2259 1478 2296 transferre
1524 2273 1601 2298 non
1641 2262 1743 2300 licet.

266 2329 340 2367 Sed
374 2329 471 2365 haec
503 2328 703 2364 hactenus.
756 2325 941 2363 Videmus
973 2327 1195 2376 complures
1218 2326 1446 2364 scholiastas
1478 2328 1742 2377 compluribus

267 2396 450 2433 adhibitis
473 2394 773 2442 commentariis,
805 2394 907 2432 inter
929 2405 1040 2442 quos,
1070 2405 1155 2430 cum
1185 2392 1466 2442 Symmacheus
1495 2398 1601 2434 certe
1623 2397 1741 2434 maxi-

380 2526 421 2565 ll)
451 2523 471 2557 l.
491 2532 520 2557 a.
547 2533 655 2566 pagg.
676 2526 716 2556 34
732 2533 809 2566 sqq.

381 2582 422 2621 12)
453 2580 473 2612 l.
491 2590 521 2613 a.
550 2589 631 2622 pag.
651 2582 725 2613 949.

380 2638 422 2677 ¹³)
455 2636 475 2669 l.
494 2645 523 2668 a.
550 2644 630 2678 pag.
652 2637 710 2673 152
737 2634 781 2669 cf.
808 2634 1029 2668 Sclnnidtius
1056 2634 1077 2667 l.
1095 2644 1124 2667 a.
1151 2644 1233 2677 pag.
1252 2637 1326 2668 2ss.

382 2693 422 2733 1⁴1)
456 2691 476 2725 l.
494 2700 524 2724 a.
550 2700 632 2734 pag.
652 2693 687 2732 23
713 2690 758 2723 cf.
785 2690 1044 2734 Bernhardyns
1069 2690 1090 2723 l.
1109 2700 1138 2724 a.
1164 2699 1246 2732 pag.
1264 2693 1338 2723 672.

382 2749 421 2785 1ὃ)
454 2745 508 2780 (If.
539 2746 795 2788 Bcrnhardyus
823 2746 843 2778 l.
861 2756 890 2780 a.
918 2755 998 2789 pag.
1019 2749 1100 2789 [3723
1126 2745 1272 2789 Didymi
1298 2746 1521 2780 intellectum
1541 2757 1621 2781 esse
1647 2759 1737 2782 coin—

269 2801 478 2835 montarium
506 2801 589 2834 mihi
617 2811 686 2834 non
713 2802 894 2843 poi-suasit
919 2801 1140 2835 Schmidtius
1166 2801 1185 2835 1.
1204 2811 1233 2835 a.
1260 2810 1368 2845 pagg.
1387 2804 1447 2835 237
1459 2811 1538 2846 sqq.
