1815 3231
1458 193 1503 202 r—

1455 204 1499 226 stt

31 295 285 349 Vani5·ek.ll‚
317 300 410 337 617.
480 299 530 336 Ut
572 298 801 347 saepissimo
845 299 894 336 ita
938 299 995 335 liic
1038 300 1212 337 notiones
1255 300 1427 349 fulgendi
1470 306 1503 337 ot

30 367 221 416 flagrandi
262 366 549 405 confluxerunt.
613 365 729 402 Verbi
763 362 970 415 ([λεγιῖθω
1003 369 1238 404 causativum
1274 369 1345 404 vim
1380 369 1503 405 inevu-

29 434 146 473 dendi
164 435 227 473 vel
246 433 444 472 cremandi
468 434 662 471 Homerus
679 434 797 471 semel
819 432 942 471 l'7238
962 435 1132 483 machot,
1151 436 1355 472 v‹·rb‹›i·um
1377 440 1502 473 autc-m

29 498 191 553 φλέγω,
213 496 438 551 ἑπιφλέγω
461 501 699 538 causativam
723 501 855 545 solam⁷
885 514 958 538 non
985 502 1262 539 intransitivum
1288 504 1394 540 novit
1420 505 1502 540 vim.

143 570 312 608 Verbum
345 564 552 619 φλεγέθων
585 571 622 606 ct
653 564 802 618 φλέγω
835 572 952 618 atquc
984 566 1224 619 i.⁷r1q=21'7‘11›,
1259 571 1375 608 verba
1408 572 1503 608 ‹einu-

29 638 114 677 dem
149 638 318 687 generis,
349 639 500 675 tantum
534 637 570 675 in
604 636 726 674 Iliade
759 637 958 686 leguntur.

143 715 386 755 Wentzelius
401 714 428 761 ¹)
461 718 503 753 ut
542 716 579 752 in
621 715 800 753 omnibus
838 715 967 753 vorbis
1006 716 1041 752 in
1075 715 1163 749 -θω
1195 716 1423 753 excuntibus
1455 718 1505 754 itu

30 785 68 823 in
100 784 221 822 verbo
255 778 466 834 φλεγέθει)
506 783 810 832 significationes
848 784 972 821 inessc
1005 783 1205 832 paululum
1240 783 1505 832 discrepantes

30 865 53 891 a
83 851 434 902 significationibus
473 863 606 889 eorum
647 850 872 899 verborum,
910 864 930 887 a
968 851 1108 899 quibus
1140 851 1323 899 originem
1357 852 1504 888 suffixis

31 919 227 959 adiunctis
258 918 469 964 duxerunt,
501 918 795 968 diligentissime
827 918 1047 967 disputavit.
1109 918 1195 964 Qua
1218 919 1365 955 ratione
1400 920 1504 955 notio

31 987 191 1026 alterius
233 987 340 1025 verbi
385 999 472 1025 cum
512 986 543 1021 θ
586 986 728 1024 suffixo
773 985 1003 1024 conformati
1047 986 1093 1023 ab
1136 986 1295 1022 ulterius
1336 987 1503 1035 primarii

31 1055 143 1094 verbi
180 1054 465 1105 significatione
504 1054 675 1099 differat,
717 1054 843 1091 statim
882 1065 1091 1102 exponam:
1136 1053 1374 1090 chtzclius
1405 1055 1502 1090 cuim

31 1126 234 1174 comparat
274 1123 397 1161 verba
438 1123 476 1160 in
514 1121 606 1159 -θω
650 1121 868 1160 desinentia
916 1133 1001 1159 cum
1044 1121 1170 1158 verbis
1211 1120 1504 1169 srcqucntativis

31 1191 191 1247 linguae
214 1191 379 1230 Latinae
412 1190 585 1228 similiter
618 1190 803 1238 formatis,
836 1190 978 1238 quibus
1010 1190 1174 1238 repetita
1198 1189 1257 1226 vel
1281 1189 1505 1226 continuata

31 1261 133 1298 actio
170 1259 418 1310 proponitur.
479 1258 698 1297 Verborum
738 1259 775 1295 in
809 1256 895 1293 -θω
934 1257 1157 1295 exeuntium
1190 1269 1299 1294 usum
1333 1257 1503 1293 1101ηο11-

32 1340 118 1366 cum
149 1339 391 1378 percensens
423 1329 461 1364 et
492 1327 531 1364 in
564 1325 766 1375 parabolis
799 1329 836 1363 ct
867 1326 904 1362 in
938 1323 1260 1373 descript-ionibus
1288 1327 1412 1361 status
1440 1324 1504 1360 ali-

32 1396 144 1434 cuius
180 1397 219 1433 et
254 1395 292 1432 in
330 1394 563 1440 enuntiatis,
602 1394 640 1431 in
673 1393 815 1442 quibus
845 1392 946 1430 actio
978 1392 1039 1430 vcl
1070 1392 1209 1429 iterata
1241 1392 1299 1428 vel
1333 1390 1502 1428 nondum

32 1463 214 1502 absoluta
244 1462 312 1512 sit,
346 1462 473 1500 locum
512 1461 567 1499 eis
605 1461 857 1510 praecipuum
890 1472 973 1497 esse
1004 1459 1068 1497 1110
1100 1459 1310 1507 perspexit.
1369 1459 1503 1506 ltaque

32 1531 85 1578 fit,
116 1534 159 1569 ut
189 1529 379 1568 nonnulla
409 1530 531 1568 verba
571 1529 807 1567 intensivam
840 1527 1055 1575 notionem,
1093 1538 1205 1575 quam
1239 1529 1399 1574 vocant,
1435 1525 1503 1562 sibi

32 1598 211 1637 induant.
251 1597 304 1636 At
324 1596 408 1636 fieri
431 1609 509 1635 non
531 1598 672 1646 potest,
703 1598 746 1634 ut
768 1597 867 1633 hanc
890 1594 1027 1633 Graeci
1055 1594 1245 1632 sermonis
1273 1593 1504 1641 elegantiam

32 1667 70 1705 in
102 1666 236 1716 lingua
268 1668 402 1704 nostra
433 1667 523 1715 apte
554 1664 777 1702 reddamus.

144 1746 180 1781 Ι.
226 1744 466 1795 Significatio
499 1744 749 1783 intransitiva
785 1743 926 1792 legitur
958 1740 1002 1778 Σ
1032 1744 1108 1779 211
1141 1736 1302 1788 πυρσοί
1334 1750 1375 1775 τε·
1409 1737 1505 1785 (stle-

33 1811 244 1866 γε’θουσιν
284 1805 537 1866 ἐπήτριμοι,·
588 1813 626 1851 ‹I›
657 1818 737 1853 358
775 1803 869 1850 οὐδ’
908 1804 960 1848 ἄν
1000 1804 1083 1859 ἐγώ
1122 1805 1188 1845 ool
1218 1798 1254 1857 γ’
1277 1797 1357 1843 ὧδεἶ
1400 1802 1502 1854 πυρὶ

35 1880 306 1935 φλεγέθοντι
335 1879 565 1934 μαχοίμην.
628 1883 714 1930 Quo
757 1882 841 1920 1000
887 1881 947 1918 alii
989 1880 1245 1927 interpretes,
1288 1877 1323 1913 in
1367 1875 1506 1924 quibus

34 1956 93 1993 La
123 1955 311 2003 Roobius,
341 1954 554 2003 Ameisius,
594 1954 778 2004 supplent
819 1953 1009 1990 obiectum
1049 1944 1121 1998 ἐμέ
1161 1952 1227 1985 aut
1268 1940 1504 1987 ἐναντίους,

34 2024 197 2062 verbum
236 2024 483 2062 transitivum
521 2034 605 2060 esse
643 2022 730 2059 rati.
787 2022 863 2059 Per
895 2032 936 2057 se
972 2018 1056 2067 ipsa
1097 2017 1161 2053 illa
1191 2014 1382 2053 sententia
1414 2012 1505 2050 ferri

35 2094 176 2142 potest.
236 2091 312 2130 Sed
344 2092 376 2129 si
416 2090 498 2129 sine
529 2091 609 2128 ullo
641 2101 779 2127 sensus
810 2087 1043 2126 detrimento
1076 2084 1321 2123 intransitiva
1352 2082 1410 2118 vis
1442 2092 1506 2129 po-

36 2160 127 2198 terit
157 2160 333 2210 agnosci,
364 2159 650 2207 intransitivam
678 2158 873 2195 notionem
897 2155 1117 2193 causativae
1140 2152 1243 2190 haud
1266 2151 1379 2189 dnbio
1402 2153 1507 2187 antc-

35 2239 238 2278 ponchS.
297 2228 383 2266 Nec
414 2226 653 2265 dissimiliter
685 2228 816 2263 nostro
848 2224 946 2273 loco,
977 2235 1053 2272 quo
1084 2222 1279 2259 Vulcanus
1310 2219 1506 2268 aptissime

5 2331 8 2334 ,
35 2292 143 2346 πυρὶ
173 2291 410 2346 φλεγέθων
442 2295 676 2339 nominatur,
708 2304 733 2329 κ
752 2295 830 2331 513
856 2303 994 2330 nomen
1020 2283 1368 2339 Πυριφλεγέθων
1392 2286 1506 2323 fluvio

38 2363 191 2402 cuidam
224 2364 468 2402 infernorum
499 2363 673 2401 locorum
707 2363 765 2400 est
795 2359 971 2405 inditum,
1002 2358 1040 2395 in
1072 2369 1149 2406 quo
1172 2351 1402 2405 φλεγέθων
1424 2354 1506 2390 sinc

37 2431 119 2470 ulla
150 2431 395 2470 dubitatione
425 2444 497 2481 pro
528 2429 775 2469 intransitivo
806 2438 968 2465 necesse
999 2428 1057 2463 est
1088 2423 1222 2472 accipi.

148 2512 206 2546 II·
250 2511 460 2551 causativa
492 2511 596 2549 notio
628 2510 825 2548 invenitur
846 2507 885 2545 P
903 2509 994 2545 738,
1053 2505 1251 2542 Passivum
1285 2500 1507 2539 causativae

39 2577 333 2628 significationis
386 2578 654 2628 lexicographi
704 2578 926 2614 statuerunt
977 2571 1017 2610 Ψ
1046 2575 1121 2611 197
1171 2562 1287 2618 ὄφρα
1328 2560 1505 2616 τάχιοτα

154 2710 179 2752 ¹)
213 2709 292 2750 Qua
315 2709 351 2743 vi
382 2708 561 2744 Homerus
591 2708 714 2753 posuit
738 2705 860 2747 verba,
889 2713 982 2747 quae
1012 2703 1047 2737 in
1073 2703 1147 2735 -902
1177 2699 1322 2734 cadunt.
1361 2698 1506 2738 Quaest.

39 2764 83 2799 de
114 2764 275 2799 dictione
306 2764 508 2799 Homerica.
549 2765 652 2799 Fasc.
678 2763 704 2798 Ι.
745 2761 937 2807 Oppoliae,
968 2768 1089 2803 progr.
1111 2759 1204 2797 1336,
1236 2766 1269 2799 p.
1294 2757 1338 2787 Η.
1370 2756 1426 2796 ¹⁸3
1463 2751 1506 2785 dc

38 2821 152 2856 verbo
177 2816 359 2867 φλεγέθω
384 2831 419 2868 p.
437 2824 489 2857 37.
