1815 3231
1470 195 1549 232 253

67 306 339 353 transferatur,
381 319 519 357 nempe
561 318 646 344 cum
689 305 737 343 ad
777 305 1019 344 definiendos
1061 318 1127 343 eos
1170 309 1309 356 poetae
1351 308 1552 356 aequales,

68 375 135 425 qui
168 376 205 413 in
239 375 319 412 vita
350 371 509 424 publica
541 376 673 424 partes
704 373 895 422 quasdam
929 376 1095 423 egerunt
1130 377 1247 423 atque
1279 374 1327 412 ab
1359 375 1552 412 historicis

67 442 129 481 hic
161 443 237 480 illic
277 443 565 491 collaudantur,
602 454 839 491 quamquam
880 455 955 479 non
995 454 1149 491 semper
1188 455 1231 479 co
1264 442 1403 489 studio,
1445 443 1550 492 quod

68 522 138 549 nos
163 508 500 555 deside1·amus¹4),
532 510 705 547 historici
730 510 963 559 plerumque
987 511 1290 547 consulerentur
1319 531 1368 535 —
1399 510 1446 548 (16
1469 512 1550 560 qui-

66 578 138 616 bus
169 579 326 616 scholiis
364 577 642 628 progrediente
681 578 871 627 opusculo
909 581 1049 626 agetur
1080 601 1150 627 —,
1188 579 1327 628 omnia,
1365 591 1465 627 quae
1503 579 1550 617 de

67 647 244 685 obscuris
281 647 456 696 alioquin
496 646 676 696 personis
716 648 873 683 exstant
913 647 949 683 in
988 646 1162 692 scholiis,
1206 659 1228 683 a
1266 647 1423 685 comicis
1461 647 1552 685 solis

67 718 151 752 orta
183 727 280 753 esse.
340 716 428 752 Duo
460 714 574 752 velim
609 713 800 763 excipias:
842 715 962 752 semel
994 715 1031 751 in
1065 714 1186 752 561101.
1214 714 1304 763 Lys.
1333 718 1426 764 808,
1465 728 1550 753 cum

67 782 115 820 dc
145 782 310 820 Timone
342 782 610 830 misanthropo
642 793 770 818 sermo
803 780 868 818 fiat
906 781 970 827 (cf.
999 781 1077 819 Cic.
1099 781 1215 818 Tuse.
1246 782 1309 831 IV,
1335 785 1400 827 113
1438 782 1551 831 Diog.

66 850 197 888 Laert.
230 851 295 898 IX,
327 853 388 897 12,
415 848 475 896 4),
516 849 719 887 Neanthes
763 849 982 897 Cyzicenus
1023 850 1184 887 affertur
1226 850 1289 895 (cf.
1327 850 1553 900 Muellerus,

66 918 154 965 Frg.
177 919 212 955 h.
235 931 270 966 g.
299 918 370 967 ΙΙΙ,
392 931 426 968 p.
451 916 502 966 2),
539 918 648 955 cuius
672 917 771 954 liber
792 913 891 967 περὶ
915 909 1111 964 ἐνδόξων
1135 906 1315 967 ἄνόρῶι·
1347 919 1551 956 consultus

66 988 136 1023 est.
195 985 270 1024 Sed
304 986 409 1023 hune
441 985 488 1023 de
512 985 557 1022 iis
580 988 720 1034 poetae
742 985 986 1034 aequalibus,
1018 986 1083 1033 qui
1116 997 1177 1022 res
1208 985 1391 1022 memoria
1413 985 1552 1034 dignas

65 1066 142 1092 non
174 1053 379 1102 gesserint,
409 1065 486 1091 non
519 1054 646 1103 egisse
682 1053 955 1102 unusquisque
978 1053 1179 1101 intelliget.
1239 1052 1389 1091 Deinde
1422 1056 1550 1091 autem

66 1125 104 1159 et
133 1122 170 1159 in
202 1122 326 1159 schol.
352 1122 455 1160 Plut.
485 1124 562 1160 149
595 1121 660 1168 (cf.
688 1122 779 1170 Lys.
808 1119 876 1167 91)
916 1124 954 1158 61
985 1121 1085 1158 Plut.
1118 1123 1194 1159 179
1227 1121 1248 1158 l.
1281 1124 1330 1159 10
1353 1133 1436 1171 sqq.
1474 1125 1550 1159 tam

66 1192 250 1227 accurate
288 1190 334 1227 de
367 1189 638 1228 meretricibus
678 1190 817 1239 agitur,
860 1192 900 1226 ut
932 1191 979 1227 110
1011 1189 1082 1227 hae
1116 1188 1271 1237 quidem
1306 1190 1551 1227 narrationes

66 1270 86 1296 c
117 1257 327 1296 comoediis
358 1257 524 1296 haustae
555 1269 642 1295 esse
675 1257 902 1306 videantur,
934 1258 1047 1294 immo
1080 1257 1244 1294 haustae
1274 1259 1364 1294 sunt
1395 1270 1441 1294 ex
1475 1269 1551 1295 uno

66 1322 166 1376 περὶ
198 1319 384 1376 ἑταιρῶν
415 1326 601 1364 librorum
640 1326 744 1364 haud
782 1338 1013 1375 paucorum,
1052 1325 1113 1362 eui
1146 1326 1199 1362 rei
1239 1337 1396 1374 operam
1434 1337 1552 1363 nava-

65 1398 208 1432 verunt
238 1394 419 1442 Machon,
455 1393 740 1443 Aristophanes
773 1393 1003 1442 Byzantius,
1041 1393 1291 1431 Callistratus
1325 1393 1406 1430 eius
1438 1392 1551 1430 disci-

66 1462 193 1512 pulus,
225 1460 363 1510 aliiffl),
395 1464 437 1499 ut
468 1464 574 1500 certo
598 1461 753 1499 cuidam
777 1461 928 1499 auctori
960 1461 1080 1498 tribui
1114 1473 1190 1498 non
1222 1460 1373 1509 possint
1406 1460 1441 1497 hi
1466 1461 1552 1498 loci.

179 1539 255 1579 Sed
287 1540 385 1579 aliae
416 1553 677 1590 personarum
709 1541 930 1590 ignotarum
964 1540 1183 1578 mentiones
1215 1539 1308 1577 solis
1341 1539 1551 1577 comoediis

67 1609 271 1648 debentur.
336 1609 451 1658 Quod
488 1610 660 1648 strictius
701 1609 829 1658 potuit
865 1609 1034 1658 probare
1074 1608 1304 1655 Clauscnus,
1351 1608 1381 1645 si
1421 1620 1553 1646 01111165

65 1677 339 1728 Aristophanis
362 1678 519 1716 fabulas
549 1678 585 1715 111
611 1677 916 1727 disputationem
936 1678 1128 1714 vocasset.
1169 1675 1245 1722 Qui
1268 1679 1372 1713 recte
1395 1675 1549 1725 quidem

67 1758 146 1783 rem
179 1745 270 1784 inde
302 1746 457 1784 elucere
490 1745 592 1791 dicit,
625 1744 730 1795 quod
764 1745 858 1782 nihil
891 1744 963 1782 nisi
985 1745 1182 1782 hominum
1206 1744 1303 1780 vitia
1331 1744 1412 1781 sive
1435 1743 1551 1781 animi

66 1814 149 1852 sive
181 1814 359 1863 corporis
390 1815 607 1852 afferantur
639 1814 676 1851 in
710 1813 881 1862 scholiis,
913 1812 1046 1862 qualia
1079 1812 1215 1849 comici
1248 1812 1285 1849 in
1316 1810 1460 1849 fabulis
1492 1823 1551 1849 so-

68 1882 123 1920 liti
156 1882 234 1920 51111
263 1883 542 1932 perstringere.
602 1881 754 1920 Deinde
787 1884 917 1919 autem
951 1881 980 1918 si
1012 1881 1085 1917 iam
1119 1893 1140 1917 a
1162 1879 1435 1917 vetustissimis
1458 1883 1550 1918 tem-

67 1949 228 2000 poribus
264 1950 488 2000 adscriptae
521 1953 653 1988 essent
684 1961 890 1999 personae,
928 1949 1073 1998 optImo
1104 1948 1190 1985 iure
1228 1947 1552 1986 concluderemus

66 2031 143 2056 non
186 2018 288 2056 hanc
330 2019 450 2056 solam
492 2021 560 2056 aut
598 2018 720 2068 illam,
765 2029 866 2067 quae
907 2020 1021 2065 esset,
1065 2027 1148 2053 esse
1189 2015 1443 2065 adscriptam,
1484 2015 1552 2053 sed

67 2098 202 2124 omnes
232 2096 504 2136 quaecumque
536 2089 676 2135 poetae
699 2086 828 2124 verbis
859 2085 1191 2134 perstringuntur,
1225 2095 1359 2121 omncs
1392 2096 1551 2132 quoque

65 2155 148 2192 sive
189 2152 271 2192 fere
309 2166 442 2192 omnes
481 2155 518 2192 in
556 2157 713 2192 veteres
750 2153 1048 2191 commentarios
1085 2151 1307 2189 translatas,
1375 2152 1485 2199 Quae
1522 2152 1553 2189 si

65 2225 172 2260 reete
210 2221 406 2271 disputata
441 2225 544 2272 sunt,
590 2234 667 2260 non
706 2221 958 2270 intellegitur,
1004 2219 1200 2269 quomodo
1243 2219 1327 2257 fieri
1370 2220 1554 2268 potuerit,

67 2293 109 2328 ut
140 2290 202 2327 hic
225 2290 303 2328 illic
334 2285 439 2336 ἴσως
466 2302 534 2328 5611
558 2291 632 2328 alia
656 2289 859 2328 dubitandi
882 2288 1076 2337 particula
1099 2287 1312 2325 adderetur
1344 2286 1410 2329 (cs.
1432 2288 1551 2325 schol.

66 2358 137 2396 Av.
162 2356 257 2404 766)
290 2361 356 2396 aut
387 2361 430 2396 ut
461 2359 618 2396 omnino
650 2358 753 2395 iuter
776 2369 815 2395 50
849 2357 1055 2394 differrent
1086 2355 1339 2404 grammatici,
1371 2355 1435 2404 qui
1469 2358 1551 2392 tan-

66 2426 152 2464 dem
192 2426 306 2464 homo
345 2429 448 2464 esset
486 2427 775 2474 intellegendus
818 2423 882 2471 (ef.
912 2423 1034 2462 schol.
1068 2424 1167 2471 Equ.
1204 2425 1308 2461 1216
1341 2442 1395 2448 -
1427 2423 1553 2460 minus

66 2496 156 2542 apte
189 2493 250 2531 hic
271 2494 432 2532 allatum
462 2515 515 2518 —
538 2494 655 2543 Vesp.
681 2496 798 2540 1191,
830 2493 927 2531 Rau.
953 2494 1070 2540 1513,
1102 2491 1204 2528 Plut.
1230 2493 1309 2528 174
1341 2490 1362 2527 l.
1388 2493 1449 2528 1¹2.
1474 2490 1552 2536 13),

66 2561 142 2600 Sed
175 2561 238 2599 vel
269 2562 415 2600 clar1us
447 2574 510 2600 res
539 2565 669 2611 potest
700 2560 881 2611 perspici,
913 2561 943 2597 si
976 2559 1126 2597 scholia
1148 2559 1263 2596 huius
1285 2558 1442 2607 generis
1465 2558 1551 2607 ipsa

67 2629 129 2667 vel
148 2641 275 2679 pauca
295 2629 492 2680 inspicies,
514 2630 656 2680 quibus
679 2628 889 2667 identidem
914 2628 1069 2677 legitur,
1092 2630 1134 2665 ut
1152 2626 1372 2675 exemplum
1393 2627 1551 2664 afferam

181 2772 223 2814 14)
258 2770 312 2806 Ct'.
344 2770 540 2813 Nauckffis,
573 2770 764 2815 Aristoph.
791 2771 944 2814 Byzant.
970 2769 1037 2813 t'rg.
1070 2780 1104 2813 p.
1128 2772 1211 2813 2773
1247 2768 1289 2803 R.
1318 2766 1551 2810 Schmidtius‚

68 2827 123 2862 De
150 2827 241 2863 Call.
259 2827 374 2863 Arist.
402 2838 435 2872 p.
455 2831 518 2863 328
544 2828 626 2862 adn.
646 2831 699 2862 57.
