<?xml version="1.0" encoding="UTF-8"?>
<!DOCTYPE html PUBLIC "-//W3C//DTD XHTML 1.0 Transitional//EN"
    "http://www.w3.org/TR/xhtml1/DTD/xhtml1-transitional.dtd">
<html xmlns="http://www.w3.org/1999/xhtml" xml:lang="en" lang="en">
 <head>
  <title>
</title>
<meta http-equiv="Content-Type" content="text/html;charset=utf-8" />
  <meta name='ocr-system' content='tesseract 3.04.00' />
  <meta name='ocr-capabilities' content='ocr_page ocr_carea ocr_par ocr_line ocrx_word'/>
</head>
<body>
  <div class='ocr_page' id='page_1' title='image "./deverbisetintran00hilduoft_0315.png"; bbox 0 0 1815 3231; ppageno 0'>
   <div class='ocr_carea' id='block_1_1' title="bbox 1440 180 1517 214">
    <p class='ocr_par' dir='ltr' id='par_1_1' title="bbox 1440 180 1517 214">
     <span class='ocr_line' id='line_1_1' title="bbox 1440 180 1517 214; baseline -0.013 0"><span class='ocrx_word' id='word_1_1' title='bbox 1440 180 1517 214; x_wconf 77' lang='lat'>307</span> 
     </span>
    </p>
   </div>
   <div class='ocr_carea' id='block_1_2' title="bbox 32 289 1534 2100">
    <p class='ocr_par' dir='ltr' id='par_1_2' title="bbox 32 289 1534 2100">
     <span class='ocr_line' id='line_1_2' title="bbox 34 289 1519 342; baseline -0.004 -11"><span class='ocrx_word' id='word_1_2' title='bbox 34 296 68 342; x_wconf 81' lang='lat'>7,</span> <span class='ocrx_word' id='word_1_3' title='bbox 90 296 115 331; x_wconf 79' lang='lat'>4</span> <span class='ocrx_word' id='word_1_4' title='bbox 147 296 185 330; x_wconf 91' lang='lat' dir='ltr'>et</span> <span class='ocrx_word' id='word_1_5' title='bbox 216 293 243 337; x_wconf 97' lang='grc' dir='ltr'>Ι,</span> <span class='ocrx_word' id='word_1_6' title='bbox 271 294 393 341; x_wconf 85' lang='grc'>8,18,</span> <span class='ocrx_word' id='word_1_7' title='bbox 434 291 498 329; x_wconf 92' lang='lat' dir='ltr'>ubi</span> <span class='ocrx_word' id='word_1_8' title='bbox 533 291 754 329; x_wconf 83' lang='lat' dir='ltr'>Callixenus</span> <span class='ocrx_word' id='word_1_9' title='bbox 786 303 946 339; x_wconf 81' lang='lat' dir='ltr'>quoque</span> <span class='ocrx_word' id='word_1_10' title='bbox 983 292 1320 333; x_wconf 78' lang='lat' dir='ltr'>commemoratur,</span> <span class='ocrx_word' id='word_1_11' title='bbox 1358 289 1423 337; x_wconf 84' lang='lat' dir='ltr'>qui</span> <span class='ocrx_word' id='word_1_12' title='bbox 1457 301 1519 326; x_wconf 88' lang='lat' dir='ltr'>ne-</span> 
     </span>
     <span class='ocr_line' id='line_1_3' title="bbox 32 356 1522 409; baseline -0.003 -11"><span class='ocrx_word' id='word_1_13' title='bbox 32 372 108 409; x_wconf 89' lang='lat' dir='ltr'>que</span> <span class='ocrx_word' id='word_1_14' title='bbox 149 359 255 409; x_wconf 84' lang='lat' dir='ltr'>apud</span> <span class='ocrx_word' id='word_1_15' title='bbox 299 359 513 398; x_wconf 88' lang='lat' dir='ltr'>Diodorum</span> <span class='ocrx_word' id='word_1_16' title='bbox 555 359 656 406; x_wconf 87' lang='lat' dir='ltr'>XIV,</span> <span class='ocrx_word' id='word_1_17' title='bbox 690 361 725 404; x_wconf 80' lang='lat'>4,</span> <span class='ocrx_word' id='word_1_18' title='bbox 762 362 784 397; x_wconf 99' lang='lat'>5</span> <span class='ocrx_word' id='word_1_19' title='bbox 827 356 1064 407; x_wconf 81' lang='lat' dir='ltr'><strong>(Ephorum)</strong></span> <span class='ocrx_word' id='word_1_20' title='bbox 1107 369 1235 406; x_wconf 90' lang='lat' dir='ltr'>neque</span> <span class='ocrx_word' id='word_1_21' title='bbox 1278 357 1381 405; x_wconf 85' lang='lat' dir='ltr'>apud</span> <span class='ocrx_word' id='word_1_22' title='bbox 1420 357 1522 393; x_wconf 90' lang='lat' dir='ltr'>Plut.</span> 
     </span>
     <span class='ocr_line' id='line_1_4' title="bbox 33 424 1522 478; baseline -0.004 -12"><span class='ocrx_word' id='word_1_23' title='bbox 33 430 125 478; x_wconf 87' lang='lat' dir='ltr'>Lys.</span> <span class='ocrx_word' id='word_1_24' title='bbox 157 430 206 466; x_wconf 90' lang='lat'>15</span> <span class='ocrx_word' id='word_1_25' title='bbox 245 431 420 478; x_wconf 83' lang='lat' dir='ltr'>apparet,</span> <span class='ocrx_word' id='word_1_26' title='bbox 460 430 501 465; x_wconf 87' lang='lat' dir='ltr'>ut</span> <span class='ocrx_word' id='word_1_27' title='bbox 532 426 840 464; x_wconf 86' lang='lat' dir='ltr'>luculentissime</span> <span class='ocrx_word' id='word_1_28' title='bbox 877 427 1086 464; x_wconf 82' lang='lat' dir='ltr'>historicus</span> <span class='ocrx_word' id='word_1_29' title='bbox 1118 438 1139 462; x_wconf 84' lang='lat' dir='ltr'>a</span> <span class='ocrx_word' id='word_1_30' title='bbox 1171 425 1426 464; x_wconf 82' lang='lat' dir='ltr'>Chalcentcro</span> <span class='ocrx_word' id='word_1_31' title='bbox 1457 424 1522 461; x_wconf 86' lang='lat' dir='ltr'>ad-</span> 
     </span>
     <span class='ocr_line' id='line_1_5' title="bbox 33 482 1521 544; baseline -0.003 -11"><span class='ocrx_word' id='word_1_32' title='bbox 33 496 177 533; x_wconf 87' lang='lat' dir='ltr'>hibitus</span> <span class='ocrx_word' id='word_1_33' title='bbox 209 497 274 544; x_wconf 74' lang='lat' dir='ltr'>sit,</span> <span class='ocrx_word' id='word_1_34' title='bbox 316 508 434 543; x_wconf 88' lang='lat' dir='ltr'>porro</span> <span class='ocrx_word' id='word_1_35' title='bbox 467 495 488 539; x_wconf 58' lang='grc' dir='ltr'><strong>ξ</strong></span> <span class='ocrx_word' id='word_1_36' title='bbox 520 497 589 533; x_wconf 82' lang='lat'>52:</span> <span class='ocrx_word' id='word_1_37' title='bbox 629 484 910 544; x_wconf 67' lang='grc' dir='ltr'>ἀπεπήδησε-ν</span> <span class='ocrx_word' id='word_1_38' title='bbox 949 488 1015 530; x_wconf 76' lang='grc' dir='ltr'>ἐπὶ</span> <span class='ocrx_word' id='word_1_39' title='bbox 1055 484 1138 542; x_wconf 72' lang='grc' dir='ltr'>τήν</span> <span class='ocrx_word' id='word_1_40' title='bbox 1173 482 1355 539; x_wconf 57' lang='grc' dir='ltr'>(Ιέστίαν,</span> <span class='ocrx_word' id='word_1_41' title='bbox 1397 494 1418 535; x_wconf 59' lang='grc' dir='ltr'>,ξ</span> <span class='ocrx_word' id='word_1_42' title='bbox 1451 494 1521 530; x_wconf 88' lang='lat'>55.</span> 
     </span>
     <span class='ocr_line' id='line_1_6' title="bbox 35 549 1522 612; baseline -0.003 -13"><span class='ocrx_word' id='word_1_43' title='bbox 35 554 147 599; x_wconf 66' lang='grc' dir='ltr'><em>εἷλκε</em></span> <span class='ocrx_word' id='word_1_44' title='bbox 178 558 257 612; x_wconf 77' lang='grc' dir='ltr'>μὲν</span> <span class='ocrx_word' id='word_1_45' title='bbox 289 553 377 599; x_wconf 69' lang='grc' dir='ltr'>ἀπὸ</span> <span class='ocrx_word' id='word_1_46' title='bbox 410 559 491 599; x_wconf 77' lang='grc' dir='ltr'>τοῦ</span> <span class='ocrx_word' id='word_1_47' title='bbox 512 559 665 610; x_wconf 64' lang='grc' dir='ltr'><em>βωμοῦ</em></span> <span class='ocrx_word' id='word_1_48' title='bbox 698 550 720 597; x_wconf 73' lang='grc' dir='ltr'><em>ὃ</em></span> <span class='ocrx_word' id='word_1_49' title='bbox 744 554 962 610; x_wconf 59' lang='grc' dir='ltr'>Σάτυρος,</span> <span class='ocrx_word' id='word_1_50' title='bbox 993 552 1142 597; x_wconf 68' lang='grc' dir='ltr'><em>εἷλκον</em></span> <span class='ocrx_word' id='word_1_51' title='bbox 1165 556 1208 596; x_wconf 68' lang='lat'>(532</span> <span class='ocrx_word' id='word_1_52' title='bbox 1233 555 1274 596; x_wconf 78' lang='grc' dir='ltr'>οἱ</span> <span class='ocrx_word' id='word_1_53' title='bbox 1298 549 1522 610; x_wconf 59' lang='grc' dir='ltr'>ὗπηρέτιιι,</span> 
     </span>
     <span class='ocr_line' id='line_1_7' title="bbox 34 627 1522 677; baseline -0.002 -10"><span class='ocrx_word' id='word_1_54' title='bbox 34 630 80 667; x_wconf 87' lang='lat' dir='ltr'>cf.</span> <span class='ocrx_word' id='word_1_55' title='bbox 111 629 232 668; x_wconf 88' lang='lat' dir='ltr'>schol.</span> <span class='ocrx_word' id='word_1_56' title='bbox 260 630 282 666; x_wconf 91' lang='lat' dir='ltr'>l.</span> <span class='ocrx_word' id='word_1_57' title='bbox 315 632 376 668; x_wconf 79' lang='lat'>12.</span> <span class='ocrx_word' id='word_1_58' title='bbox 410 632 471 675; x_wconf 83' lang='lat'>13,</span> <span class='ocrx_word' id='word_1_59' title='bbox 509 629 530 673; x_wconf 64' lang='grc' dir='ltr'>ξ</span> <span class='ocrx_word' id='word_1_60' title='bbox 560 631 612 668; x_wconf 84' lang='lat'><strong>30</strong></span> <span class='ocrx_word' id='word_1_61' title='bbox 644 629 812 677; x_wconf 85' lang='lat' dir='ltr'>Hagnon</span> <span class='ocrx_word' id='word_1_62' title='bbox 847 632 959 677; x_wconf 82' lang='lat' dir='ltr'>pater</span> <span class='ocrx_word' id='word_1_63' title='bbox 995 631 1319 666; x_wconf 81' lang='lat' dir='ltr'>commemoratur</span> <span class='ocrx_word' id='word_1_64' title='bbox 1357 627 1404 664; x_wconf 85' lang='lat' dir='ltr'>cf.</span> <span class='ocrx_word' id='word_1_65' title='bbox 1437 627 1459 664; x_wconf 89' lang='lat' dir='ltr'>l.</span> <span class='ocrx_word' id='word_1_66' title='bbox 1488 630 1522 671; x_wconf 70' lang='grc' dir='ltr'>ἶ),</span> 
     </span>
     <span class='ocr_line' id='line_1_8' title="bbox 34 686 1524 747; baseline -0.004 -11"><span class='ocrx_word' id='word_1_67' title='bbox 34 698 56 742; x_wconf 60' lang='grc' dir='ltr'>,ξ</span> <span class='ocrx_word' id='word_1_68' title='bbox 79 700 130 736; x_wconf 98' lang='lat'>33</span> <span class='ocrx_word' id='word_1_69' title='bbox 162 696 244 734; x_wconf 87' lang='grc' dir='ltr'>τοῦ</span> <span class='ocrx_word' id='word_1_70' title='bbox 275 692 354 747; x_wconf 84' lang='grc' dir='ltr'>μὲν</span> <span class='ocrx_word' id='word_1_71' title='bbox 381 695 667 734; x_wconf 63' lang='grc' dir='ltr'><em>πλεονεκτεῖν</em></span> <span class='ocrx_word' id='word_1_72' title='bbox 698 686 761 733; x_wconf 60' lang='lat' dir='ltr'>dei</span> <span class='ocrx_word' id='word_1_73' title='bbox 786 691 1057 746; x_wconf 72' lang='grc' dir='ltr'>έπιμέλησας,</span> <span class='ocrx_word' id='word_1_74' title='bbox 1090 693 1172 732; x_wconf 78' lang='grc' dir='ltr'>τοῦ</span> <span class='ocrx_word' id='word_1_75' title='bbox 1205 690 1249 732; x_wconf 74' lang='grc' dir='ltr'>δὲ</span> <span class='ocrx_word' id='word_1_76' title='bbox 1280 692 1419 731; x_wconf 78' lang='grc' dir='ltr'><em>καλοῦ</em></span> <span class='ocrx_word' id='word_1_77' title='bbox 1450 690 1524 730; x_wconf 79' lang='grc' dir='ltr'>καὶ</span> 
     </span>
     <span class='ocr_line' id='line_1_9' title="bbox 34 760 1524 815; baseline -0.001 -13"><span class='ocrx_word' id='word_1_78' title='bbox 34 763 117 803; x_wconf 86' lang='grc' dir='ltr'>τοῦ</span> <span class='ocrx_word' id='word_1_79' title='bbox 149 761 283 813; x_wconf 74' lang='grc' dir='ltr'><em>φίλου</em></span> <span class='ocrx_word' id='word_1_80' title='bbox 314 760 479 815; x_wconf 76' lang='grc' dir='ltr'><em>μηδέν.</em></span> <span class='ocrx_word' id='word_1_81' title='bbox 506 794 513 801; x_wconf 93' lang='grc'>.</span> <span class='ocrx_word' id='word_1_82' title='bbox 547 764 594 801; x_wconf 85' lang='lat' dir='ltr'>cf.</span> <span class='ocrx_word' id='word_1_83' title='bbox 626 764 648 802; x_wconf 92' lang='lat' dir='ltr'>l.</span> <span class='ocrx_word' id='word_1_84' title='bbox 675 767 736 812; x_wconf 87' lang='grc'>16,</span> <span class='ocrx_word' id='word_1_85' title='bbox 768 764 939 812; x_wconf 88' lang='lat' dir='ltr'>denique</span> <span class='ocrx_word' id='word_1_86' title='bbox 969 764 1016 802; x_wconf 88' lang='lat' dir='ltr'>de</span> <span class='ocrx_word' id='word_1_87' title='bbox 1040 763 1231 801; x_wconf 87' lang='lat' dir='ltr'>cothurno</span> <span class='ocrx_word' id='word_1_88' title='bbox 1254 763 1395 812; x_wconf 88' lang='lat' dir='ltr'>legitur</span> <span class='ocrx_word' id='word_1_89' title='bbox 1426 762 1448 806; x_wconf 64' lang='grc' dir='ltr'>ξ</span> <span class='ocrx_word' id='word_1_90' title='bbox 1472 766 1524 800; x_wconf 85' lang='lat'><strong>30</strong></span> 
     </span>
     <span class='ocr_line' id='line_1_10' title="bbox 35 830 1523 882; baseline -0.003 -11"><span class='ocrx_word' id='word_1_91' title='bbox 35 837 73 872; x_wconf 83' lang='lat' dir='ltr'>et</span> <span class='ocrx_word' id='word_1_92' title='bbox 93 835 159 882; x_wconf 80' lang='lat'>47,</span> <span class='ocrx_word' id='word_1_93' title='bbox 190 836 231 871; x_wconf 92' lang='lat' dir='ltr'>ut</span> <span class='ocrx_word' id='word_1_94' title='bbox 262 832 433 870; x_wconf 85' lang='lat' dir='ltr'>dubitari</span> <span class='ocrx_word' id='word_1_95' title='bbox 466 833 638 880; x_wconf 82' lang='lat' dir='ltr'>nequeat</span> <span class='ocrx_word' id='word_1_96' title='bbox 670 832 764 880; x_wconf 93' lang='lat' dir='ltr'>quin</span> <span class='ocrx_word' id='word_1_97' title='bbox 799 843 844 869; x_wconf 87' lang='lat' dir='ltr'>ea</span> <span class='ocrx_word' id='word_1_98' title='bbox 876 843 977 879; x_wconf 86' lang='lat' dir='ltr'>quae</span> <span class='ocrx_word' id='word_1_99' title='bbox 1010 843 1132 879; x_wconf 84' lang='lat' dir='ltr'>usque</span> <span class='ocrx_word' id='word_1_100' title='bbox 1165 830 1213 868; x_wconf 86' lang='lat' dir='ltr'>ad</span> <span class='ocrx_word' id='word_1_101' title='bbox 1239 831 1261 867; x_wconf 94' lang='lat' dir='ltr'>l.</span> <span class='ocrx_word' id='word_1_102' title='bbox 1288 834 1336 868; x_wconf 84' lang='lat'>18</span> <span class='ocrx_word' id='word_1_103' title='bbox 1369 834 1523 867; x_wconf 80' lang='lat' dir='ltr'>exstant</span> 
     </span>
     <span class='ocr_line' id='line_1_11' title="bbox 36 889 1524 949; baseline -0.003 -11"><span class='ocrx_word' id='word_1_104' title='bbox 36 903 204 949; x_wconf 81' lang='lat' dir='ltr'>excepta</span> <span class='ocrx_word' id='word_1_105' title='bbox 236 900 257 936; x_wconf 91' lang='lat' dir='ltr'>l.</span> <span class='ocrx_word' id='word_1_106' title='bbox 279 903 315 938; x_wconf 87' lang='lat'>4.</span> <span class='ocrx_word' id='word_1_107' title='bbox 345 902 388 938; x_wconf 89' lang='lat'>5:</span> <span class='ocrx_word' id='word_1_108' title='bbox 421 892 687 943; x_wconf 72' lang='grc' dir='ltr'><em>διδάσκαλος</em></span> <span class='ocrx_word' id='word_1_109' title='bbox 709 889 980 947; x_wconf 66' lang='grc' dir='ltr'><em>Ἰσοκράτους</em></span> <span class='ocrx_word' id='word_1_110' title='bbox 1003 891 1227 947; x_wconf 59' lang='grc' dir='ltr'><em>Στειριεὺς</em></span> <span class='ocrx_word' id='word_1_111' title='bbox 1248 895 1341 934; x_wconf 75' lang='grc' dir='ltr'>τῶν</span> <span class='ocrx_word' id='word_1_112' title='bbox 1364 890 1524 946; x_wconf 67' lang='grc' dir='ltr'>«δήμιον,</span> 
     </span>
     <span class='ocr_line' id='line_1_12' title="bbox 37 965 1525 1018; baseline -0.003 -11"><span class='ocrx_word' id='word_1_113' title='bbox 37 981 137 1018; x_wconf 87' lang='lat' dir='ltr'>quae</span> <span class='ocrx_word' id='word_1_114' title='bbox 169 967 329 1006; x_wconf 76' lang='lat' dir='ltr'>aliunde</span> <span class='ocrx_word' id='word_1_115' title='bbox 362 967 521 1016; x_wconf 85' lang='lat' dir='ltr'>cognita</span> <span class='ocrx_word' id='word_1_116' title='bbox 543 967 681 1004; x_wconf 81' lang='lat' dir='ltr'>habuit</span> <span class='ocrx_word' id='word_1_117' title='bbox 709 966 903 1015; x_wconf 83' lang='lat' dir='ltr'>Didymus</span> <span class='ocrx_word' id='word_1_118' title='bbox 937 966 1003 1013; x_wconf 85' lang='lat' dir='ltr'>(cf.</span> <span class='ocrx_word' id='word_1_119' title='bbox 1026 967 1140 1004; x_wconf 85' lang='lat' dir='ltr'>etiam</span> <span class='ocrx_word' id='word_1_120' title='bbox 1163 966 1286 1003; x_wconf 87' lang='lat' dir='ltr'>schol.</span> <span class='ocrx_word' id='word_1_121' title='bbox 1308 965 1409 1003; x_wconf 89' lang='lat' dir='ltr'>Nub.</span> <span class='ocrx_word' id='word_1_122' title='bbox 1433 968 1525 1013; x_wconf 82' lang='lat'>361,</span> 
     </span>
     <span class='ocr_line' id='line_1_13' title="bbox 38 1033 1525 1087; baseline -0.004 -12"><span class='ocrx_word' id='word_1_123' title='bbox 38 1037 143 1087; x_wconf 90' lang='lat' dir='ltr'>quod</span> <span class='ocrx_word' id='word_1_124' title='bbox 177 1037 272 1074; x_wconf 88' lang='lat' dir='ltr'>nihil</span> <span class='ocrx_word' id='word_1_125' title='bbox 305 1036 397 1074; x_wconf 93' lang='lat' dir='ltr'>novi</span> <span class='ocrx_word' id='word_1_126' title='bbox 429 1033 572 1084; x_wconf 82' lang='lat' dir='ltr'>affert),</span> <span class='ocrx_word' id='word_1_127' title='bbox 602 1034 651 1072; x_wconf 83' lang='lat' dir='ltr'>ad</span> <span class='ocrx_word' id='word_1_128' title='bbox 675 1034 977 1084; x_wconf 78' lang='lat' dir='ltr'>Xenophontem</span> <span class='ocrx_word' id='word_1_129' title='bbox 1010 1035 1088 1071; x_wconf 88' lang='lat' dir='ltr'>sint</span> <span class='ocrx_word' id='word_1_130' title='bbox 1116 1033 1336 1078; x_wconf 76' lang='lat' dir='ltr'>referenda,</span> <span class='ocrx_word' id='word_1_131' title='bbox 1368 1033 1525 1081; x_wconf 82' lang='lat' dir='ltr'>Thucy-</span> 
     </span>
     <span class='ocr_line' id='line_1_14' title="bbox 38 1101 1526 1151; baseline -0.003 -10"><span class='ocrx_word' id='word_1_132' title='bbox 38 1104 164 1142; x_wconf 89' lang='lat' dir='ltr'>didem</span> <span class='ocrx_word' id='word_1_133' title='bbox 196 1107 325 1141; x_wconf 89' lang='lat' dir='ltr'>autem</span> <span class='ocrx_word' id='word_1_134' title='bbox 359 1115 380 1140; x_wconf 85' lang='lat' dir='ltr'>a</span> <span class='ocrx_word' id='word_1_135' title='bbox 412 1114 453 1140; x_wconf 90' lang='lat' dir='ltr'>se</span> <span class='ocrx_word' id='word_1_136' title='bbox 486 1103 707 1151; x_wconf 87' lang='lat' dir='ltr'>inspectum</span> <span class='ocrx_word' id='word_1_137' title='bbox 741 1113 828 1139; x_wconf 89' lang='lat' dir='ltr'>esse</span> <span class='ocrx_word' id='word_1_138' title='bbox 863 1102 947 1151; x_wconf 86' lang='lat' dir='ltr'>ipse</span> <span class='ocrx_word' id='word_1_139' title='bbox 979 1101 1126 1138; x_wconf 88' lang='lat' dir='ltr'>indicat</span> <span class='ocrx_word' id='word_1_140' title='bbox 1156 1101 1178 1137; x_wconf 92' lang='lat' dir='ltr'>l.</span> <span class='ocrx_word' id='word_1_141' title='bbox 1207 1103 1270 1147; x_wconf 78' lang='lat'>22,</span> <span class='ocrx_word' id='word_1_142' title='bbox 1307 1112 1393 1137; x_wconf 89' lang='lat' dir='ltr'>eum</span> <span class='ocrx_word' id='word_1_143' title='bbox 1426 1112 1526 1148; x_wconf 85' lang='lat' dir='ltr'>quac</span> 
     </span>
     <span class='ocr_line' id='line_1_15' title="bbox 40 1166 1525 1219; baseline -0.005 -9"><span class='ocrx_word' id='word_1_144' title='bbox 40 1173 63 1209; x_wconf 92' lang='lat' dir='ltr'>l.</span> <span class='ocrx_word' id='word_1_145' title='bbox 88 1174 250 1210; x_wconf 81' lang='lat'>18—22</span> <span class='ocrx_word' id='word_1_146' title='bbox 288 1171 475 1219; x_wconf 88' lang='lat' dir='ltr'>leguntur</span> <span class='ocrx_word' id='word_1_147' title='bbox 513 1170 669 1207; x_wconf 89' lang='lat' dir='ltr'>comicis</span> <span class='ocrx_word' id='word_1_148' title='bbox 700 1168 833 1207; x_wconf 89' lang='lat' dir='ltr'>deberi</span> <span class='ocrx_word' id='word_1_149' title='bbox 875 1170 946 1206; x_wconf 82' lang='lat' dir='ltr'>iam</span> <span class='ocrx_word' id='word_1_150' title='bbox 986 1175 1103 1206; x_wconf 81' lang='lat' dir='ltr'>antea</span> <span class='ocrx_word' id='word_1_151' title='bbox 1134 1167 1390 1212; x_wconf 79' lang='lat' dir='ltr'>viderimus.‘-’)</span> <span class='ocrx_word' id='word_1_152' title='bbox 1451 1166 1525 1205; x_wconf 77' lang='lat' dir='ltr'>Sed</span> 
     </span>
     <span class='ocr_line' id='line_1_16' title="bbox 39 1237 1527 1287; baseline -0.004 -10"><span class='ocrx_word' id='word_1_153' title='bbox 39 1252 117 1278; x_wconf 82' lang='lat' dir='ltr'>una</span> <span class='ocrx_word' id='word_1_154' title='bbox 147 1251 209 1277; x_wconf 84' lang='lat' dir='ltr'>res</span> <span class='ocrx_word' id='word_1_155' title='bbox 241 1241 363 1277; x_wconf 87' lang='lat' dir='ltr'>restat</span> <span class='ocrx_word' id='word_1_156' title='bbox 394 1250 494 1287; x_wconf 89' lang='lat' dir='ltr'>quae</span> <span class='ocrx_word' id='word_1_157' title='bbox 526 1250 603 1275; x_wconf 89' lang='lat' dir='ltr'>non</span> <span class='ocrx_word' id='word_1_158' title='bbox 635 1237 796 1286; x_wconf 78' lang='lat' dir='ltr'>indigna</span> <span class='ocrx_word' id='word_1_159' title='bbox 828 1240 886 1274; x_wconf 83' lang='lat' dir='ltr'>est</span> <span class='ocrx_word' id='word_1_160' title='bbox 918 1249 1021 1286; x_wconf 85' lang='lat' dir='ltr'>quae</span> <span class='ocrx_word' id='word_1_161' title='bbox 1055 1240 1378 1274; x_wconf 79' lang='lat' dir='ltr'>commemoretur</span> <span class='ocrx_word' id='word_1_162' title='bbox 1412 1238 1450 1273; x_wconf 87' lang='lat' dir='ltr'>et</span> <span class='ocrx_word' id='word_1_163' title='bbox 1481 1247 1527 1272; x_wconf 85' lang='lat' dir='ltr'>ea</span> 
     </span>
     <span class='ocr_line' id='line_1_17' title="bbox 39 1303 1526 1356; baseline -0.003 -11"><span class='ocrx_word' id='word_1_164' title='bbox 39 1307 195 1356; x_wconf 87' lang='lat' dir='ltr'>quidem</span> <span class='ocrx_word' id='word_1_165' title='bbox 227 1306 275 1345; x_wconf 86' lang='lat' dir='ltr'>ad</span> <span class='ocrx_word' id='word_1_166' title='bbox 299 1306 569 1354; x_wconf 83' lang='lat' dir='ltr'>Xenophontis</span> <span class='ocrx_word' id='word_1_167' title='bbox 597 1308 746 1343; x_wconf 78' lang='lat' dir='ltr'>textum</span> <span class='ocrx_word' id='word_1_168' title='bbox 779 1305 991 1353; x_wconf 85' lang='lat' dir='ltr'>pertinens.</span> <span class='ocrx_word' id='word_1_169' title='bbox 1050 1303 1166 1353; x_wconf 85' lang='lat' dir='ltr'>Apud</span> <span class='ocrx_word' id='word_1_170' title='bbox 1200 1315 1314 1352; x_wconf 86' lang='lat' dir='ltr'>quem</span> <span class='ocrx_word' id='word_1_171' title='bbox 1348 1304 1394 1350; x_wconf 94' lang='grc' dir='ltr'>ΙΙ,</span> <span class='ocrx_word' id='word_1_172' title='bbox 1417 1306 1451 1349; x_wconf 85' lang='lat'>3,</span> <span class='ocrx_word' id='word_1_173' title='bbox 1474 1304 1526 1340; x_wconf 87' lang='lat'><strong>30</strong></span> 
     </span>
     <span class='ocr_line' id='line_1_18' title="bbox 40 1363 1527 1424; baseline -0.006 -11"><span class='ocrx_word' id='word_1_174' title='bbox 40 1375 227 1424; x_wconf 85' lang='lat' dir='ltr'>leguntur</span> <span class='ocrx_word' id='word_1_175' title='bbox 259 1374 374 1411; x_wconf 84' lang='lat' dir='ltr'>haec:</span> <span class='ocrx_word' id='word_1_176' title='bbox 416 1363 528 1409; x_wconf 68' lang='grc' dir='ltr'><em>ὅθεν</em></span> <span class='ocrx_word' id='word_1_177' title='bbox 559 1365 705 1421; x_wconf 73' lang='grc' dir='ltr'><em>δήπου</em></span> <span class='ocrx_word' id='word_1_178' title='bbox 742 1367 815 1408; x_wconf 78' lang='grc' dir='ltr'>καὶ</span> <span class='ocrx_word' id='word_1_179' title='bbox 851 1364 1083 1420; x_wconf 79' lang='grc' dir='ltr'><em>Κόθορνος</em></span> <span class='ocrx_word' id='word_1_180' title='bbox 1120 1365 1401 1407; x_wconf 67' lang='grc' dir='ltr'><em>ἐπικαλεῖται.</em></span> <span class='ocrx_word' id='word_1_181' title='bbox 1455 1365 1527 1404; x_wconf 79' lang='grc' dir='ltr'>καὶ</span> 
     </span>
     <span class='ocr_line' id='line_1_19' title="bbox 43 1427 1525 1492; baseline -0.004 -14"><span class='ocrx_word' id='word_1_182' title='bbox 43 1435 124 1492; x_wconf 82' lang='grc' dir='ltr'>γὰρ</span> <span class='ocrx_word' id='word_1_183' title='bbox 167 1433 190 1478; x_wconf 84' lang='grc' dir='ltr'>ὁ</span> <span class='ocrx_word' id='word_1_184' title='bbox 231 1434 457 1490; x_wconf 66' lang='grc' dir='ltr'><em>κόθορνος</em></span> <span class='ocrx_word' id='word_1_185' title='bbox 499 1429 734 1489; x_wconf 68' lang='grc' dir='ltr'><em>ἁρμόττειν</em></span> <span class='ocrx_word' id='word_1_186' title='bbox 776 1442 868 1483; x_wconf 58' lang='grc' dir='ltr'><em>τοῖς</em></span> <span class='ocrx_word' id='word_1_187' title='bbox 910 1434 1045 1475; x_wconf 79' lang='grc' dir='ltr'><em>ποσὶν</em></span> <span class='ocrx_word' id='word_1_188' title='bbox 1084 1427 1348 1487; x_wconf 67' lang='grc' dir='ltr'><em>(Ξμᾳοτέροις</em></span> <span class='ocrx_word' id='word_1_189' title='bbox 1395 1432 1525 1473; x_wconf 53' lang='grc' dir='ltr'><em>δοκεῖ.</em></span> 
     </span>
     <span class='ocr_line' id='line_1_20' title="bbox 44 1497 1530 1557; baseline -0.003 -11"><span class='ocrx_word' id='word_1_190' title='bbox 44 1499 287 1555; x_wconf 71' lang='grc' dir='ltr'><em>ἀποβλέπει</em></span> <span class='ocrx_word' id='word_1_191' title='bbox 326 1497 364 1543; x_wconf 72' lang='grc' dir='ltr'>δ’</span> <span class='ocrx_word' id='word_1_192' title='bbox 393 1497 467 1544; x_wconf 70' lang='grc' dir='ltr'>(ἔπ’</span> <span class='ocrx_word' id='word_1_193' title='bbox 496 1498 762 1557; x_wconf 66' lang='grc' dir='ltr'><em>ἀμφοτέρων</em></span> <span class='ocrx_word' id='word_1_194' title='bbox 799 1508 1014 1556; x_wconf 85' lang='lat' dir='ltr'>(postrema</span> <span class='ocrx_word' id='word_1_195' title='bbox 1044 1506 1166 1543; x_wconf 90' lang='lat' dir='ltr'>verba</span> <span class='ocrx_word' id='word_1_196' title='bbox 1204 1508 1391 1553; x_wconf 82' lang='lat' dir='ltr'>corrupta</span> <span class='ocrx_word' id='word_1_197' title='bbox 1427 1507 1530 1552; x_wconf 87' lang='lat' dir='ltr'>sunt,</span> 
     </span>
     <span class='ocr_line' id='line_1_21' title="bbox 42 1570 1529 1623; baseline -0.005 -9"><span class='ocrx_word' id='word_1_198' title='bbox 42 1576 112 1615; x_wconf 88' lang='lat' dir='ltr'>sed</span> <span class='ocrx_word' id='word_1_199' title='bbox 144 1577 218 1614; x_wconf 90' lang='lat' dir='ltr'>hoc</span> <span class='ocrx_word' id='word_1_200' title='bbox 249 1575 298 1613; x_wconf 83' lang='lat' dir='ltr'>ad</span> <span class='ocrx_word' id='word_1_201' title='bbox 331 1578 502 1613; x_wconf 88' lang='lat' dir='ltr'>nostram</span> <span class='ocrx_word' id='word_1_202' title='bbox 535 1573 840 1623; x_wconf 81' lang='lat' dir='ltr'>disputationem</span> <span class='ocrx_word' id='word_1_203' title='bbox 880 1586 957 1612; x_wconf 87' lang='lat' dir='ltr'>non</span> <span class='ocrx_word' id='word_1_204' title='bbox 989 1570 1186 1622; x_wconf 85' lang='lat' dir='ltr'>pertinet).</span> <span class='ocrx_word' id='word_1_205' title='bbox 1247 1572 1323 1608; x_wconf 84' lang='lat' dir='ltr'>Iam</span> <span class='ocrx_word' id='word_1_206' title='bbox 1363 1572 1395 1608; x_wconf 88' lang='lat' dir='ltr'>si</span> <span class='ocrx_word' id='word_1_207' title='bbox 1432 1571 1529 1608; x_wconf 80' lang='lat' dir='ltr'>hacc</span> 
     </span>
     <span class='ocr_line' id='line_1_22' title="bbox 44 1638 1530 1694; baseline -0.005 -12"><span class='ocrx_word' id='word_1_208' title='bbox 44 1644 286 1694; x_wconf 81' lang='lat' dir='ltr'>cognominis</span> <span class='ocrx_word' id='word_1_209' title='bbox 333 1643 541 1692; x_wconf 84' lang='lat' dir='ltr'>explicatio</span> <span class='ocrx_word' id='word_1_210' title='bbox 595 1641 700 1690; x_wconf 87' lang='lat' dir='ltr'>apud</span> <span class='ocrx_word' id='word_1_211' title='bbox 746 1641 1049 1690; x_wconf 86' lang='lat' dir='ltr'>Xenophontem</span> <span class='ocrx_word' id='word_1_212' title='bbox 1098 1642 1288 1684; x_wconf 82' lang='lat' dir='ltr'>exstaret,</span> <span class='ocrx_word' id='word_1_213' title='bbox 1337 1638 1530 1687; x_wconf 88' lang='lat' dir='ltr'>Didymus</span> 
     </span>
     <span class='ocr_line' id='line_1_23' title="bbox 45 1705 1530 1761; baseline -0.005 -11"><span class='ocrx_word' id='word_1_214' title='bbox 45 1712 275 1761; x_wconf 83' lang='lat' dir='ltr'>ceteroquin</span> <span class='ocrx_word' id='word_1_215' title='bbox 307 1710 516 1759; x_wconf 81' lang='lat' dir='ltr'>diligenter</span> <span class='ocrx_word' id='word_1_216' title='bbox 548 1710 632 1747; x_wconf 91' lang='lat' dir='ltr'>eius</span> <span class='ocrx_word' id='word_1_217' title='bbox 655 1709 820 1757; x_wconf 85' lang='lat' dir='ltr'>vestigia</span> <span class='ocrx_word' id='word_1_218' title='bbox 851 1719 1034 1756; x_wconf 85' lang='lat' dir='ltr'>premens</span> <span class='ocrx_word' id='word_1_219' title='bbox 1066 1720 1136 1745; x_wconf 89' lang='lat' dir='ltr'>cur</span> <span class='ocrx_word' id='word_1_220' title='bbox 1168 1706 1322 1744; x_wconf 83' lang='lat' dir='ltr'>tandem</span> <span class='ocrx_word' id='word_1_221' title='bbox 1355 1708 1433 1743; x_wconf 84' lang='lat' dir='ltr'>tam</span> <span class='ocrx_word' id='word_1_222' title='bbox 1465 1705 1530 1742; x_wconf 90' lang='lat' dir='ltr'>mi-</span> 
     </span>
     <span class='ocr_line' id='line_1_24' title="bbox 44 1764 1531 1826; baseline -0.006 -9"><span class='ocrx_word' id='word_1_223' title='bbox 44 1792 125 1818; x_wconf 85' lang='lat' dir='ltr'>ram</span> <span class='ocrx_word' id='word_1_224' title='bbox 164 1791 320 1817; x_wconf 79' lang='lat' dir='ltr'>causam</span> <span class='ocrx_word' id='word_1_225' title='bbox 358 1777 470 1815; x_wconf 80' lang='lat' dir='ltr'>finxit</span> <span class='ocrx_word' id='word_1_226' title='bbox 507 1777 749 1826; x_wconf 80' lang='lat' dir='ltr'>cognominis</span> <span class='ocrx_word' id='word_1_227' title='bbox 791 1779 833 1813; x_wconf 89' lang='lat' dir='ltr'>ut</span> <span class='ocrx_word' id='word_1_228' title='bbox 871 1776 1016 1813; x_wconf 85' lang='lat' dir='ltr'>diceret</span> <span class='ocrx_word' id='word_1_229' title='bbox 1053 1776 1076 1812; x_wconf 91' lang='lat' dir='ltr'>l.</span> <span class='ocrx_word' id='word_1_230' title='bbox 1108 1778 1173 1813; x_wconf 83' lang='lat'>17:</span> <span class='ocrx_word' id='word_1_231' title='bbox 1216 1767 1364 1823; x_wconf 66' lang='grc' dir='ltr'><em>ἐπειδὴ</em></span> <span class='ocrx_word' id='word_1_232' title='bbox 1403 1769 1475 1809; x_wconf 81' lang='grc' dir='ltr'>καὶ</span> <span class='ocrx_word' id='word_1_233' title='bbox 1508 1764 1531 1808; x_wconf 82' lang='grc' dir='ltr'><strong>ὁ</strong></span> 
     </span>
     <span class='ocr_line' id='line_1_25' title="bbox 44 1832 1531 1898; baseline -0.005 -12"><span class='ocrx_word' id='word_1_234' title='bbox 44 1839 272 1898; x_wconf 78' lang='grc' dir='ltr'><em>κόθορνος</em></span> <span class='ocrx_word' id='word_1_235' title='bbox 304 1836 483 1895; x_wconf 70' lang='grc' dir='ltr'><em>ἀνδράσι</em></span> <span class='ocrx_word' id='word_1_236' title='bbox 517 1841 587 1882; x_wconf 80' lang='grc' dir='ltr'>καὶ</span> <span class='ocrx_word' id='word_1_237' title='bbox 616 1839 787 1894; x_wconf 73' lang='grc' dir='ltr'><em>γυναιξὶ</em></span> <span class='ocrx_word' id='word_1_238' title='bbox 817 1835 928 1893; x_wconf 76' lang='grc' dir='ltr'><em>πρὸς</em></span> <span class='ocrx_word' id='word_1_239' title='bbox 949 1836 1026 1887; x_wconf 71' lang='grc' dir='ltr'>τὰς</span> <span class='ocrx_word' id='word_1_240' title='bbox 1052 1832 1275 1886; x_wconf 55' lang='grc' dir='ltr'><em>ὑποδέσεις</em></span> <span class='ocrx_word' id='word_1_241' title='bbox 1298 1834 1531 1891; x_wconf 67' lang='grc' dir='ltr'><em>ἁρμόττέιὶ)</em></span> 
     </span>
     <span class='ocr_line' id='line_1_26' title="bbox 47 1901 1533 1964; baseline -0.006 -9"><span class='ocrx_word' id='word_1_242' title='bbox 47 1916 124 1955; x_wconf 84' lang='lat' dir='ltr'>Sed</span> <span class='ocrx_word' id='word_1_243' title='bbox 163 1916 284 1953; x_wconf 79' lang='lat' dir='ltr'>verba</span> <span class='ocrx_word' id='word_1_244' title='bbox 321 1915 405 1964; x_wconf 89' lang='lat' dir='ltr'>ipsa</span> <span class='ocrx_word' id='word_1_245' title='bbox 444 1910 516 1950; x_wconf 75' lang='grc' dir='ltr'>καὶ</span> <span class='ocrx_word' id='word_1_246' title='bbox 554 1906 636 1963; x_wconf 84' lang='grc' dir='ltr'>γάρ</span> <span class='ocrx_word' id='word_1_247' title='bbox 671 1933 726 1937; x_wconf 80' lang='lat'>——</span> <span class='ocrx_word' id='word_1_248' title='bbox 762 1901 1026 1962; x_wconf 63' lang='grc' dir='ltr'><em>ἀμφοτέρων</em></span> <span class='ocrx_word' id='word_1_249' title='bbox 1061 1911 1109 1948; x_wconf 87' lang='lat' dir='ltr'>ab</span> <span class='ocrx_word' id='word_1_250' title='bbox 1152 1910 1372 1948; x_wconf 87' lang='lat' dir='ltr'>hominibus</span> <span class='ocrx_word' id='word_1_251' title='bbox 1409 1908 1533 1947; x_wconf 84' lang='lat' dir='ltr'>doctis</span> 
     </span>
     <span class='ocr_line' id='line_1_27' title="bbox 48 1976 1533 2034; baseline -0.006 -12"><span class='ocrx_word' id='word_1_252' title='bbox 48 1986 115 2034; x_wconf 89' lang='lat' dir='ltr'>qui</span> <span class='ocrx_word' id='word_1_253' title='bbox 146 1985 183 2022; x_wconf 93' lang='lat' dir='ltr'>in</span> <span class='ocrx_word' id='word_1_254' title='bbox 216 1983 480 2032; x_wconf 85' lang='lat' dir='ltr'>Xenophonte</span> <span class='ocrx_word' id='word_1_255' title='bbox 511 1979 808 2031; x_wconf 86' lang='lat' dir='ltr'>interpretando</span> <span class='ocrx_word' id='word_1_256' title='bbox 841 1991 1000 2029; x_wconf 84' lang='lat' dir='ltr'>operam</span> <span class='ocrx_word' id='word_1_257' title='bbox 1034 1982 1281 2016; x_wconf 84' lang='lat' dir='ltr'>navaverunt</span> <span class='ocrx_word' id='word_1_258' title='bbox 1319 1978 1351 2014; x_wconf 88' lang='lat' dir='ltr'>ei</span> <span class='ocrx_word' id='word_1_259' title='bbox 1384 1976 1533 2014; x_wconf 89' lang='lat' dir='ltr'>abiudi-</span> 
     </span>
     <span class='ocr_line' id='line_1_28' title="bbox 51 2042 1534 2100; baseline -0.007 -9"><span class='ocrx_word' id='word_1_260' title='bbox 51 2056 139 2091; x_wconf 84' lang='lat' dir='ltr'>cata</span> <span class='ocrx_word' id='word_1_261' title='bbox 179 2054 270 2090; x_wconf 86' lang='lat' dir='ltr'>sunt</span> <span class='ocrx_word' id='word_1_262' title='bbox 309 2054 347 2089; x_wconf 88' lang='lat' dir='ltr'>et</span> <span class='ocrx_word' id='word_1_263' title='bbox 382 2062 454 2100; x_wconf 90' lang='lat' dir='ltr'>pro</span> <span class='ocrx_word' id='word_1_264' title='bbox 491 2049 840 2098; x_wconf 86' lang='lat' dir='ltr'>interpretamento</span> <span class='ocrx_word' id='word_1_265' title='bbox 872 2047 965 2085; x_wconf 86' lang='lat' dir='ltr'>satis</span> <span class='ocrx_word' id='word_1_266' title='bbox 996 2045 1143 2084; x_wconf 85' lang='lat' dir='ltr'>recenti</span> <span class='ocrx_word' id='word_1_267' title='bbox 1181 2042 1358 2090; x_wconf 85' lang='lat' dir='ltr'>habita.3)</span> <span class='ocrx_word' id='word_1_268' title='bbox 1419 2043 1534 2091; x_wconf 61' lang='lat' dir='ltr'>Quod</span> 
     </span>
    </p>
   </div>
   <div class='ocr_carea' id='block_1_3' title="bbox 49 2150 1538 2871">
    <p class='ocr_par' dir='ltr' id='par_1_3' title="bbox 49 2150 1538 2649">
     <span class='ocr_line' id='line_1_29' title="bbox 161 2150 1534 2201; baseline -0.007 -8"><span class='ocrx_word' id='word_1_269' title='bbox 161 2162 191 2201; x_wconf 80' lang='grc'>2)</span> <span class='ocrx_word' id='word_1_270' title='bbox 224 2158 366 2201; x_wconf 78' lang='lat' dir='ltr'>Quibus</span> <span class='ocrx_word' id='word_1_271' title='bbox 383 2157 494 2192; x_wconf 87' lang='lat' dir='ltr'>rebus</span> <span class='ocrx_word' id='word_1_272' title='bbox 513 2156 670 2199; x_wconf 81' lang='lat' dir='ltr'>cognitis</span> <span class='ocrx_word' id='word_1_273' title='bbox 696 2165 761 2199; x_wconf 85' lang='lat' dir='ltr'>per</span> <span class='ocrx_word' id='word_1_274' title='bbox 785 2164 823 2188; x_wconf 88' lang='lat' dir='ltr'>se</span> <span class='ocrx_word' id='word_1_275' title='bbox 849 2157 1015 2197; x_wconf 85' lang='lat' dir='ltr'>apparet,</span> <span class='ocrx_word' id='word_1_276' title='bbox 1041 2152 1131 2196; x_wconf 86' lang='lat' dir='ltr'>quid</span> <span class='ocrx_word' id='word_1_277' title='bbox 1157 2152 1205 2185; x_wconf 86' lang='lat' dir='ltr'>sit</span> <span class='ocrx_word' id='word_1_278' title='bbox 1230 2151 1462 2185; x_wconf 85' lang='lat' dir='ltr'>iudicandum</span> <span class='ocrx_word' id='word_1_279' title='bbox 1490 2150 1534 2184; x_wconf 89' lang='lat' dir='ltr'>dc</span> 
     </span>
     <span class='ocr_line' id='line_1_30' title="bbox 49 2205 1535 2261; baseline -0.007 -10"><span class='ocrx_word' id='word_1_280' title='bbox 49 2218 94 2251; x_wconf 90' lang='lat' dir='ltr'>iis</span> <span class='ocrx_word' id='word_1_281' title='bbox 120 2226 214 2261; x_wconf 82' lang='lat' dir='ltr'>quae</span> <span class='ocrx_word' id='word_1_282' title='bbox 240 2215 328 2249; x_wconf 80' lang='lat' dir='ltr'>dicit</span> <span class='ocrx_word' id='word_1_283' title='bbox 352 2214 578 2257; x_wconf 84' lang='lat' dir='ltr'>Poehligius‚</span> <span class='ocrx_word' id='word_1_284' title='bbox 603 2212 755 2247; x_wconf 82' lang='lat' dir='ltr'>Jahrhb.</span> <span class='ocrx_word' id='word_1_285' title='bbox 770 2209 793 2244; x_wconf 85' lang='lat' dir='ltr'>f.</span> <span class='ocrx_word' id='word_1_286' title='bbox 812 2210 940 2244; x_wconf 85' lang='lat' dir='ltr'>Philol.</span> <span class='ocrx_word' id='word_1_287' title='bbox 966 2209 1093 2252; x_wconf 74' lang='lat' dir='ltr'>Suppl.</span> <span class='ocrx_word' id='word_1_288' title='bbox 1112 2208 1163 2241; x_wconf 86' lang='lat' dir='ltr'>IX</span> <span class='ocrx_word' id='word_1_289' title='bbox 1189 2219 1223 2251; x_wconf 85' lang='lat' dir='ltr'>p.</span> <span class='ocrx_word' id='word_1_290' title='bbox 1244 2211 1323 2242; x_wconf 76' lang='lat'>231:</span> <span class='ocrx_word' id='word_1_291' title='bbox 1362 2205 1535 2242; x_wconf 84' lang='lat' dir='ltr'>..Andere</span> 
     </span>
     <span class='ocr_line' id='line_1_31' title="bbox 51 2263 1536 2316; baseline -0.008 -8"><span class='ocrx_word' id='word_1_292' title='bbox 51 2274 205 2316; x_wconf 77' lang='lat' dir='ltr'>Quellen</span> <span class='ocrx_word' id='word_1_293' title='bbox 241 2282 306 2306; x_wconf 84' lang='lat' dir='ltr'>aus</span> <span class='ocrx_word' id='word_1_294' title='bbox 343 2271 508 2314; x_wconf 67' lang='lat' dir='ltr'>spaterer</span> <span class='ocrx_word' id='word_1_295' title='bbox 541 2269 618 2303; x_wconf 85' lang='lat' dir='ltr'>Zeit</span> <span class='ocrx_word' id='word_1_296' title='bbox 657 2268 780 2302; x_wconf 83' lang='lat' dir='ltr'>tadeln</span> <span class='ocrx_word' id='word_1_297' title='bbox 817 2266 1013 2301; x_wconf 88' lang='lat' dir='ltr'>wiederum</span> <span class='ocrx_word' id='word_1_298' title='bbox 1051 2265 1120 2299; x_wconf 88' lang='lat' dir='ltr'>den</span> <span class='ocrx_word' id='word_1_299' title='bbox 1153 2264 1329 2307; x_wconf 65' lang='lat' dir='ltr'>Themin„</span> <span class='ocrx_word' id='word_1_300' title='bbox 1367 2265 1435 2298; x_wconf 89' lang='lat' dir='ltr'>wie</span> <span class='ocrx_word' id='word_1_301' title='bbox 1472 2263 1536 2297; x_wconf 84' lang='lat' dir='ltr'>der</span> 
     </span>
     <span class='ocr_line' id='line_1_32' title="bbox 50 2319 1536 2370; baseline -0.009 -6"><span class='ocrx_word' id='word_1_302' title='bbox 50 2330 232 2365; x_wconf 72' lang='lat' dir='ltr'>Scholiast</span> <span class='ocrx_word' id='word_1_303' title='bbox 257 2329 322 2363; x_wconf 89' lang='lat' dir='ltr'>des</span> <span class='ocrx_word' id='word_1_304' title='bbox 347 2326 551 2370; x_wconf 72' lang='lat' dir='ltr'>Aristoph,</span> <span class='ocrx_word' id='word_1_305' title='bbox 583 2325 646 2359; x_wconf 89' lang='lat' dir='ltr'>der</span> <span class='ocrx_word' id='word_1_306' title='bbox 677 2323 778 2358; x_wconf 86' lang='lat' dir='ltr'>nicht</span> <span class='ocrx_word' id='word_1_307' title='bbox 802 2333 870 2357; x_wconf 88' lang='lat' dir='ltr'>nur</span> <span class='ocrx_word' id='word_1_308' title='bbox 902 2324 979 2356; x_wconf 84' lang='lat' dir='ltr'>sein</span> <span class='ocrx_word' id='word_1_309' title='bbox 1007 2320 1235 2356; x_wconf 80' lang='lat' dir='ltr'>Schwanken</span> <span class='ocrx_word' id='word_1_310' title='bbox 1263 2320 1300 2353; x_wconf 90' lang='lat' dir='ltr'>in</span> <span class='ocrx_word' id='word_1_311' title='bbox 1328 2319 1536 2364; x_wconf 81' lang='lat' dir='ltr'>politiseher</span> 
     </span>
     <span class='ocr_line' id='line_1_33' title="bbox 50 2377 1537 2428; baseline -0.008 -7"><span class='ocrx_word' id='word_1_312' title='bbox 50 2386 264 2428; x_wconf 83' lang='lat' dir='ltr'>Bezichung</span> <span class='ocrx_word' id='word_1_313' title='bbox 295 2382 470 2425; x_wconf 70' lang='lat' dir='ltr'>erwahnt,</span> <span class='ocrx_word' id='word_1_314' title='bbox 506 2382 665 2416; x_wconf 85' lang='lat' dir='ltr'>sondern</span> <span class='ocrx_word' id='word_1_315' title='bbox 697 2380 769 2414; x_wconf 88' lang='lat' dir='ltr'>ihm</span> <span class='ocrx_word' id='word_1_316' title='bbox 801 2379 892 2413; x_wconf 86' lang='lat' dir='ltr'>auch</span> <span class='ocrx_word' id='word_1_317' title='bbox 926 2378 1105 2413; x_wconf 84' lang='lat' dir='ltr'>zweierlei</span> <span class='ocrx_word' id='word_1_318' title='bbox 1137 2377 1321 2422; x_wconf 85' lang='lat' dir='ltr'>geradezu</span> <span class='ocrx_word' id='word_1_319' title='bbox 1353 2387 1417 2410; x_wconf 86' lang='lat' dir='ltr'>zur</span> <span class='ocrx_word' id='word_1_320' title='bbox 1447 2378 1537 2410; x_wconf 84' lang='lat' dir='ltr'>Last</span> 
     </span>
     <span class='ocr_line' id='line_1_34' title="bbox 50 2433 1537 2487; baseline -0.008 -10"><span class='ocrx_word' id='word_1_321' title='bbox 50 2444 138 2487; x_wconf 87' lang='lat' dir='ltr'>legt,</span> <span class='ocrx_word' id='word_1_322' title='bbox 171 2440 326 2476; x_wconf 65' lang='lat' dir='ltr'>niimlich</span> <span class='ocrx_word' id='word_1_323' title='bbox 353 2440 412 2474; x_wconf 88' lang='lat' dir='ltr'>die</span> <span class='ocrx_word' id='word_1_324' title='bbox 439 2438 706 2480; x_wconf 85' lang='lat' dir='ltr'>Verurteilung</span> <span class='ocrx_word' id='word_1_325' title='bbox 737 2437 800 2470; x_wconf 90' lang='lat' dir='ltr'>der</span> <span class='ocrx_word' id='word_1_326' title='bbox 826 2433 1231 2479; x_wconf 84' lang='lat' dir='ltr'>Arginusenfeldherrn</span> <span class='ocrx_word' id='word_1_327' title='bbox 1264 2433 1340 2466; x_wconf 89' lang='lat' dir='ltr'>und</span> <span class='ocrx_word' id='word_1_328' title='bbox 1371 2433 1429 2466; x_wconf 90' lang='lat' dir='ltr'>die</span> <span class='ocrx_word' id='word_1_329' title='bbox 1457 2433 1537 2465; x_wconf 84' lang='lat' dir='ltr'>Ein-</span> 
     </span>
     <span class='ocr_line' id='line_1_35' title="bbox 53 2488 1536 2541; baseline -0.009 -7"><span class='ocrx_word' id='word_1_330' title='bbox 53 2504 209 2541; x_wconf 85' lang='lat' dir='ltr'>setzung</span> <span class='ocrx_word' id='word_1_331' title='bbox 243 2497 307 2531; x_wconf 88' lang='lat' dir='ltr'>der</span> <span class='ocrx_word' id='word_1_332' title='bbox 333 2497 610 2540; x_wconf 74' lang='lat' dir='ltr'>30&#39;1‘yrannen.</span> <span class='ocrx_word' id='word_1_333' title='bbox 658 2494 727 2527; x_wconf 87' lang='lat' dir='ltr'>Als</span> <span class='ocrx_word' id='word_1_334' title='bbox 760 2491 932 2536; x_wconf 86' lang='lat' dir='ltr'>gereehte</span> <span class='ocrx_word' id='word_1_335' title='bbox 969 2490 1087 2524; x_wconf 82' lang='lat' dir='ltr'>Strafe</span> <span class='ocrx_word' id='word_1_336' title='bbox 1120 2490 1227 2524; x_wconf 82' lang='lat' dir='ltr'>dafiir</span> <span class='ocrx_word' id='word_1_337' title='bbox 1263 2489 1355 2523; x_wconf 82' lang='lat' dir='ltr'>habe</span> <span class='ocrx_word' id='word_1_338' title='bbox 1388 2499 1425 2522; x_wconf 90' lang='lat' dir='ltr'>er</span> <span class='ocrx_word' id='word_1_339' title='bbox 1466 2488 1536 2522; x_wconf 74' lang='lat' dir='ltr'>[len</span> 
     </span>
     <span class='ocr_line' id='line_1_36' title="bbox 53 2545 1538 2596; baseline -0.009 -6"><span class='ocrx_word' id='word_1_340' title='bbox 53 2557 133 2591; x_wconf 81' lang='lat' dir='ltr'>Tod</span> <span class='ocrx_word' id='word_1_341' title='bbox 160 2553 274 2589; x_wconf 87' lang='lat' dir='ltr'>durch</span> <span class='ocrx_word' id='word_1_342' title='bbox 300 2553 361 2586; x_wconf 82' lang='lat' dir='ltr'>die</span> <span class='ocrx_word' id='word_1_343' title='bbox 387 2555 428 2586; x_wconf 83' lang='lat'>30</span> <span class='ocrx_word' id='word_1_344' title='bbox 455 2550 678 2596; x_wconf 63' lang='lat' dir='ltr'>genimen-⁶,</span> <span class='ocrx_word' id='word_1_345' title='bbox 704 2559 797 2592; x_wconf 84' lang='lat' dir='ltr'>quae</span> <span class='ocrx_word' id='word_1_346' title='bbox 821 2558 901 2582; x_wconf 88' lang='lat' dir='ltr'>eum</span> <span class='ocrx_word' id='word_1_347' title='bbox 928 2546 1076 2591; x_wconf 84' lang='lat' dir='ltr'>Didymi</span> <span class='ocrx_word' id='word_1_348' title='bbox 1101 2545 1220 2581; x_wconf 87' lang='lat' dir='ltr'>fontes</span> <span class='ocrx_word' id='word_1_349' title='bbox 1245 2545 1538 2584; x_wconf 77' lang='lat' dir='ltr'>indicaverimus,</span> 
     </span>
     <span class='ocr_line' id='line_1_37' title="bbox 55 2602 1275 2649; baseline -0.008 -3"><span class='ocrx_word' id='word_1_350' title='bbox 55 2623 128 2647; x_wconf 87' lang='lat' dir='ltr'>non</span> <span class='ocrx_word' id='word_1_351' title='bbox 154 2610 291 2644; x_wconf 86' lang='lat' dir='ltr'>habent</span> <span class='ocrx_word' id='word_1_352' title='bbox 315 2619 393 2643; x_wconf 87' lang='lat' dir='ltr'>eam</span> <span class='ocrx_word' id='word_1_353' title='bbox 418 2607 674 2642; x_wconf 79' lang='lat' dir='ltr'>auctoritatem</span> <span class='ocrx_word' id='word_1_354' title='bbox 700 2615 806 2649; x_wconf 88' lang='lat' dir='ltr'>quam</span> <span class='ocrx_word' id='word_1_355' title='bbox 832 2603 1041 2646; x_wconf 84' lang='lat' dir='ltr'>Poehligius</span> <span class='ocrx_word' id='word_1_356' title='bbox 1067 2603 1111 2637; x_wconf 91' lang='lat' dir='ltr'>iis</span> <span class='ocrx_word' id='word_1_357' title='bbox 1137 2602 1275 2636; x_wconf 81' lang='lat' dir='ltr'>tribuit.</span> 
     </span>
    </p>

    <p class='ocr_par' dir='ltr' id='par_1_4' title="bbox 55 2657 1538 2871">
     <span class='ocr_line' id='line_1_38' title="bbox 170 2657 1536 2710; baseline -0.009 -8"><span class='ocrx_word' id='word_1_358' title='bbox 170 2669 198 2710; x_wconf 82' lang='lat'>³)</span> <span class='ocrx_word' id='word_1_359' title='bbox 232 2664 287 2701; x_wconf 91' lang='lat' dir='ltr'>Cf.</span> <span class='ocrx_word' id='word_1_360' title='bbox 318 2665 402 2700; x_wconf 84' lang='lat' dir='ltr'>edit.</span> <span class='ocrx_word' id='word_1_361' title='bbox 427 2663 722 2699; x_wconf 87' lang='lat' dir='ltr'>Breitenbaehii:</span> <span class='ocrx_word' id='word_1_362' title='bbox 761 2662 858 2695; x_wconf 84' lang='lat' dir='ltr'>iusto</span> <span class='ocrx_word' id='word_1_363' title='bbox 891 2662 967 2695; x_wconf 88' lang='lat' dir='ltr'>iure</span> <span class='ocrx_word' id='word_1_364' title='bbox 998 2659 1158 2694; x_wconf 85' lang='lat' dir='ltr'>editores</span> <span class='ocrx_word' id='word_1_365' title='bbox 1187 2658 1300 2693; x_wconf 87' lang='lat' dir='ltr'>verba</span> <span class='ocrx_word' id='word_1_366' title='bbox 1331 2657 1536 2702; x_wconf 79' lang='lat' dir='ltr'>eiecerunt3</span> 
     </span>
     <span class='ocr_line' id='line_1_39' title="bbox 55 2716 1538 2764; baseline -0.009 -5"><span class='ocrx_word' id='word_1_367' title='bbox 55 2735 134 2760; x_wconf 90' lang='lat' dir='ltr'>nam</span> <span class='ocrx_word' id='word_1_368' title='bbox 162 2727 203 2757; x_wconf 88' lang='lat' dir='ltr'>ut</span> <span class='ocrx_word' id='word_1_369' title='bbox 220 2723 290 2756; x_wconf 86' lang='lat' dir='ltr'>alia</span> <span class='ocrx_word' id='word_1_370' title='bbox 316 2722 490 2761; x_wconf 82' lang='lat' dir='ltr'>omittam,</span> <span class='ocrx_word' id='word_1_371' title='bbox 516 2730 621 2764; x_wconf 86' lang='lat' dir='ltr'>quam</span> <span class='ocrx_word' id='word_1_372' title='bbox 640 2719 849 2762; x_wconf 83' lang='lat' dir='ltr'>languidum</span> <span class='ocrx_word' id='word_1_373' title='bbox 869 2720 936 2760; x_wconf 83' lang='lat' dir='ltr'>est,</span> <span class='ocrx_word' id='word_1_374' title='bbox 962 2717 990 2750; x_wconf 90' lang='lat' dir='ltr'>si</span> <span class='ocrx_word' id='word_1_375' title='bbox 1018 2716 1151 2751; x_wconf 82' lang='lat' dir='ltr'>Critias</span> <span class='ocrx_word' id='word_1_376' title='bbox 1176 2716 1538 2758; x_wconf 82' lang='lat' dir='ltr'>interpretamentum</span> 
     </span>
     <span class='ocr_line' id='line_1_40' title="bbox 57 2769 1537 2819; baseline -0.007 -5"><span class='ocrx_word' id='word_1_377' title='bbox 57 2779 263 2814; x_wconf 85' lang='lat' dir='ltr'>addidisset</span> <span class='ocrx_word' id='word_1_378' title='bbox 286 2776 522 2812; x_wconf 86' lang='lat' dir='ltr'>Theramenis</span> <span class='ocrx_word' id='word_1_379' title='bbox 548 2774 790 2819; x_wconf 83' lang='lat' dir='ltr'>cognominis,</span> <span class='ocrx_word' id='word_1_380' title='bbox 821 2773 919 2817; x_wconf 88' lang='lat' dir='ltr'>quod</span> <span class='ocrx_word' id='word_1_381' title='bbox 950 2772 1049 2806; x_wconf 88' lang='lat' dir='ltr'>unde</span> <span class='ocrx_word' id='word_1_382' title='bbox 1073 2776 1189 2806; x_wconf 85' lang='lat' dir='ltr'>ortum</span> <span class='ocrx_word' id='word_1_383' title='bbox 1217 2774 1316 2805; x_wconf 83' lang='lat' dir='ltr'>esset</span> <span class='ocrx_word' id='word_1_384' title='bbox 1341 2769 1537 2813; x_wconf 85' lang='lat' dir='ltr'>unicnique</span> 
     </span>
     <span class='ocr_line' id='line_1_41' title="bbox 56 2834 303 2871; baseline -0.008 -1"><span class='ocrx_word' id='word_1_385' title='bbox 56 2839 181 2871; x_wconf 87' lang='lat' dir='ltr'>notum</span> <span class='ocrx_word' id='word_1_386' title='bbox 208 2834 303 2869; x_wconf 79' lang='lat' dir='ltr'>erat!</span> 
     </span>
    </p>
   </div>
  </div>
 </body>
</html>
