1830 3201
281 175 359 210 306

279 281 529 320 referendum
563 284 622 320 est
653 282 773 319 schol.
802 278 900 319 Ran.
930 283 1010 320 970
1042 281 1106 327 (ef.
1137 280 1242 320 Suid.
1267 277 1547 331 Θηραμένης),
1578 281 1641 318 ubi
1672 285 1759 330 pot

279 348 493 387 Aristarchi
540 348 763 419 opinionem
804 361 826 385 a
867 349 1067 386 Demetrio
1108 346 1411 396 vituperatam1)
1453 351 1609 386 exstant
1646 348 1759 386 haee:

284 411 471 464 Δίδυμος
502 410 549 451 ὁέ
570 423 701 464 φησιν
734 404 801 452 ὅτι
833 408 1016 451 δύναται
1048 411 1120 451 καὶ
1151 411 1229 464 τῆς
1248 410 1484 465 παροιμίας
1512 413 1759 464 μεμνησθαι

280 473 332 519 οὗ
366 481 475 526 Χῖος
507 473 620 519 ἄλλα
650 480 770 528 Κῖος,
801 473 1005 531 παρόσον
1035 475 1235 527 ποίκιλός
1256 493 1320 527 τις
1351 473 1415 519 ὢν
1445 478 1517 519 καὶ
1539 472 1759 532 ἀγχίστρο-

280 561 362 597 φος
404 548 640 598 καθομιλεῖ
677 560 783 594 τους
823 543 1003 599 καιροῖς
1048 550 1260 596 (301.τοϊς
1290 553 1480 599 καιροΐς;
1525 549 1573 587 ef.
1611 563 1647 599 p.
1680 551 1758 588 235

279 616 370 654 adn.
400 614 468 662 28)
500 609 611 666 πρὸς
642 609 692 653 τὸ
724 620 929 665 κρεῖττον
964 613 1094 667 μέρος
1132 607 1195 653 ἀεὶ
1228 610 1375 662 διδοὺς
1410 610 1582 654 ἑαυτόν.
1632 615 1761 667 Κῷος

280 684 369 729 (ser.
397 681 543 729 Κεῖος)
577 679 621 720 δὲ
652 678 825 733 ἐλέγετο
856 676 979 730 εἶναι,
1012 684 1128 733 unde,
1161 688 1202 722 ut
1223 688 1339 723 antea
1367 686 1544 734 exposui,
1573 687 1682 734 patet
1710 685 1760 722 ad

280 750 491 799 Didymum
513 751 711 799 pertinere
734 751 847 788 etiam
870 751 994 788 schol.
1016 752 1031 788 I
1063 753 1156 789 Rau.
1180 754 1257 790 541
1282 752 1304 788 l.
1325 754 1472 801 1-·23,
1493 752 1637 801 optime
1661 764 1760 790 eom-

281 823 479 868 paratum3
511 830 598 856 nam
629 819 818 856 scholium
847 820 885 856 II
917 820 938 856 l.
968 822 1130 858 23-27
1160 820 1330 857 inventis
1362 820 1549 868 indulget,
1586 824 1761 868 praeter-

282 897 398 934 quam
436 885 541 934 quod
573 885 636 922 1110
666 884 764 922 falso
796 886 952 924 videtur
992 886 1232 935 adscriptum
1266 898 1367 925 esse:
1408 898 1519 924 suum
1550 887 1677 924 locum
1708 891 1761 925 te-

283 955 409 1001 neret,
445 953 476 989 si
512 952 561 989 ad
599 953 696 990 Ran.
729 955 810 991 970
849 957 951 991 esset
987 948 1232 1002 appositum(
1291 953 1442 992 Deinde
1479 954 1556 991 hue
1593 954 1762 1003 pertinet

283 1020 401 1057 schol.
423 1020 519 1057 Ran.
541 1022 606 1068 47,
637 1019 743 1068 quod
775 1032 1010 1069 quamquam
1042 1021 1167 1069 ipsum
1199 1021 1362 1070 praebet
1394 1021 1632 1058 rarissimum
1665 1021 1761 1059 illud

282 1086 543 1136 καθομιλεῖν
573 1091 666 1131 τοῖς
697 1091 865 1137 καιροῖς
901 1100 979 1125 11011
1019 1100 1102 1126 esse
1134 1088 1371 1137 Didymeum
1408 1101 1444 1137 p.
1474 1091 1552 1127 236
1590 1088 1763 1126 breviter

283 1154 378 1203 dixi3
411 1167 514 1191 nune
545 1154 732 1202 probabo.
784 1155 904 1192 Vides
937 1155 1038 1192 enim
1072 1155 1169 1192 duas
1197 1156 1234 1192 in
1258 1167 1376 1192 unum
1401 1159 1624 1193 contractas
1646 1155 1763 1193 inter-

284 1222 536 1271 pretat‘mneS,
573 1222 735 1259 alteram
767 1222 962 1270 quaevhie
992 1234 1131 1271 parum
1164 1226 1254 1271 apte
1286 1223 1459 1272 affertur,
1495 1218 1608 1268 τινὲς
1640 1212 1707 1259 ὅτι
1739 1213 1762 1260 ὃ

284 1281 506 1338 κόθορνος
539 1284 597 1333 εἰς
621 1278 895 1338 ἀμφοτέρους
926 1282 1033 1334 τοὺς
1054 1282 1194 1334 πόδας
1222 1278 1411 1339 ἁρμόζει,
1443 1283 1484 1326 οἱ
1516 1285 1561 1326 δὲ
1592 1279 1659 1327 ὅτι
1692 1279 1764 1326 ἇν-

285 1349 406 1405 <Socim
447 1352 519 1392 καὶ
549 1352 750 1405 γυναιξὶν
783 1345 999 1406 ἁρμόττει.
1052 1349 1183 1393 ἔνθεν
1214 1353 1288 1393 καὶ
1319 1353 1570 1408 Θηραμένης
1601 1350 1762 1407 κόθορ-

285 1434 359 1467 νος
390 1418 575 1472 ἐλέγετο,
608 1412 673 1459 ὅτι
706 1427 798 1468 τοῖς
831 1427 999 1473 καιροῖς
1030 1422 1293 1473 καθομιλεῖν
1325 1418 1519 1462 δύναται.
1573 1413 1595 1461 ὁ
1625 1420 1670 1461 ὁὲ
1691 1420 1763 1466 Ξε-

285 1489 440 1538 νοφῶν
470 1485 517 1527 ἐν
533 1480 803 1541 Ἑλληνικοῖς
835 1480 1098 1542 ἀμφοτέροις
1128 1496 1221 1537 τοῖς
1240 1488 1375 1529 ποσὶν
1404 1484 1608 1542 ἁρμόζειν
1630 1481 1766 1529 αὐτόν

286 1565 430 1609 φησιν,
468 1559 642 1606 alteram,
680 1559 792 1596 euius
829 1560 1012 1608 proprius
1044 1559 1105 1596 hie
1141 1559 1249 1597 loeus
1281 1562 1349 1608 est,
1386 1571 1487 1609 quae
1518 1572 1604 1598 eum
1635 1559 1764 1609 priore

287 1626 443 1664 omnino
475 1638 552 1664 non
583 1629 714 1674 potest
743 1626 943 1675 coniungi:
980 1627 1002 1663 l.
1031 1629 1082 1665 26
1114 1619 1406 1676 ἐκπλήττεται
1438 1622 1483 1664 δὲ
1513 1626 1633 1676 (quod
1665 1627 1764 1665 falso

286 1694 334 1731 ad
366 1693 679 1742 coniungendam
712 1696 918 1743 utiamque
949 1694 1179 1732 sententilm
1218 1693 1391 1731 additum
1423 1697 1496 1738 est3
1540 1694 1588 1733 ef.
1618 1707 1654 1744 p.
1685 1697 1763 1733 242

288 1761 377 1799 adn.
401 1759 440 1806 2)
481 1750 504 1798 ὁ
527 1751 744 1811 Ηρακλης
785 1750 905 1810 ορών
944 1772 1025 1811 την
1066 1753 1238 1798 ἄτοπον
1275 1754 1440 1812 ταύτην
1477 1755 1650 1811 σκευήν,
1692 1758 1761 1798 καὶ

290 1818 355 1864 ότι
389 1840 442 1864 τα
473 1820 632 1877 ι’ἔμικτα
664 1822 818 1877 ἔμιξεν.
852 1840 874 1865 ο
905 1824 983 1878 ιιὲν
1014 1822 1093 1878 γὰρ
1125 1822 1353 1878 κροκωτός
1383 1825 1453 1866 καὶ
1487 1818 1509 1866 ὁ
1541 1822 1766 1880 κόθορνος

289 1889 513 1945 putamen}
543 1885 730 1945 goz-1157)
764 1891 809 1932 (δὲ
842 1893 1000 1946 λεοντῆ
1033 1908 1105 1932 και
1136 1886 1188 1933 τὸ
1217 1889 1416 1946 ὁόπαλον
1438 1885 1628 1946 ανὸριόα,
1662 1897 1766 1935 1111ᾶο

288 1963 416 2000 statim
450 1964 579 2000 elucet
609 1963 777 2011 priorem
806 1963 1054 2001 scholiastam
1087 1963 1377 2011 cupidissimum
1410 1962 1612 2001 doetrinae
1636 1967 1766 2001 osten-

290 2030 441 2068 dendae
475 2044 495 2068 e
527 2031 649 2068 schol.
678 2032 773 2067 Ran.
802 2033 879 2068 541
914 2031 994 2067 sive
1025 2043 1072 2068 ex
1104 2031 1189 2079 ipso
1222 2030 1380 2079 Didymi
1413 2031 1689 2068 commentario
1728 2033 1766 2068 et

292 2111 338 2136 ex
370 2098 548 2146 Xenoph.
575 2098 674 2135 IIell.
702 2098 751 2146 ΙΙ,
779 2099 815 2146 3,
843 2101 891 2136 31
929 2098 1104 2135 hausisse
1141 2110 1186 2135 ea
1223 2110 1322 2146 quae
1352 2098 1478 2146 affert,
1515 2101 1557 2135 ut
1587 2111 1686 2147 quae
1724 2092 1764 2135 οἱ

294 2162 341 2202 δέ
372 2166 395 2203 l.
423 2168 473 2204 22
507 2165 649 2203 dixisse
681 2165 861 2203 dieantur
892 2165 1048 2214 Didymi
1081 2166 1168 2214 sint,
1199 2166 1276 2203 alia
1308 2165 1588 2214 Xenophontis.
1640 2165 1764 2212 Quam

295 2234 343 2271 ob
365 2246 446 2270 rem
479 2234 515 2270 111
543 2245 702 2271 censum
725 2233 830 2270 venit
862 2232 984 2270 solum
1017 2232 1135 2270 schol.
1164 2233 1260 2270 Ran.
1288 2235 1379 2281 541,
1410 2231 1515 2281 quod
1546 2233 1767 2270 accuratius

295 2301 575 2350 perstringenti
607 2301 775 2338 maxima
803 2312 849 2337 ex
876 2302 988 2348 parte
1021 2312 1040 2337 e
1063 2299 1241 2348 Xenoph.
1264 2299 1453 2337 Hellenie.
1475 2300 1522 2349 ΙΙ,
1545 2303 1578 2339 3.
1602 2302 1764 2339 23-56

295 2369 476 2405 haustum
508 2379 592 2405 esse
624 2367 836 2416 apparebit.
896 2366 1013 2415 Apud
1045 2378 1161 2414 quem
1193 2366 1334 2414 legitur
1370 2366 1391 2411 ξ
1420 2369 1488 2405 28:
1530 2356 1659 2411 αὐτὸς
1688 2361 1765 2415 μὲν

295 2427 426 2485 ἄρξας
461 2433 536 2485 τῆς
573 2428 683 2484 πρὸς
714 2429 1089 2482 Λακεδαιμονίους
1118 2429 1306 2478 πίστι-ως
1340 2429 1413 2469 καὶ
1443 2430 1599 2481 φιλίας,
1636 2423 1767 2478 αὐτὸς

297 2498 341 2539 δὲ
372 2501 450 2552 τῆς
480 2500 560 2539 τοῦ
593 2495 733 2551 δήμου
770 2495 1062 2547 καταλύσεως,
1100 2501 1146 2538 ef.
1177 2501 1298 2538 schol.
1329 2502 1350 2538 1.
1378 2503 1414 2548 9,
1451 2504 1489 2539 01
1519 2500 1541 2545 ἓ
1569 2503 1637 2540 32;
1674 2498 1767 2538 τῶν

293 2567 552 2620 στρατηγῶν
583 2567 844 2619 κατηγορῶν
882 2558 1134 2604 απέκτειιέν
1167 2557 1343 2613 αὐτούς,
1375 2567 1420 2604 ef.
1452 2567 1473 2604 l.
1501 2569 1538 2615 8,
1568 2580 1654 2605 eum
1687 2580 1765 2605 cer-

294 2639 431 2675 tiorem
464 2638 579 2675 huius
610 2637 665 2674 rei
704 2636 965 2685 cognitionem
1002 2634 1175 2672 hauserit
1206 2634 1399 2684 Didymus
1436 2647 1456 2672 e
1487 2635 1582 2673 Xen.
1609 2634 1710 2672 Hell.
1737 2636 1765 2683 Ι,

408 2779 434 2820 ¹)
465 2777 519 2812 De
545 2787 616 2820 qua
642 2776 687 2811 ef.
713 2775 931 2819 Staesehius,
956 2776 979 2810 1.
996 2784 1027 2809 a.
1052 2786 1085 2820 p.
1105 2778 1156 2809 54.
1178 2777 1231 2810 55.
