1830 3201
296 174 348 210 30

402 282 597 330 Deinceps
629 280 740 319 nobis
772 279 980 319 dicendum
1012 283 1069 319 est
1100 278 1147 318 de
1181 279 1398 329 composito

815 367 854 408 Β.
890 366 1239 420 μεταστρέφω.

399 462 444 499 In
477 461 550 498 hoc
572 460 692 497 verbo
726 461 948 498 coniunctio
980 461 1045 498 illa
1076 454 1241 505 ἵππους
1269 456 1585 510 μεταστρέφειν
1615 459 1766 498 deside-

289 532 413 576 ratur-3
451 541 499 566 ne
532 528 715 577 proprius
747 528 905 576 quidem
945 540 1083 565 sensus
1115 529 1153 565 in
1185 528 1314 566 activo
1350 530 1531 565 servatus
1562 530 1631 565 est.
1680 526 1768 574 Qua

288 596 325 632 vi
370 608 415 632 ac
456 597 652 644 potestate
693 595 743 632 sit
782 594 1021 644 praepositio
1060 587 1167 644 μετά
1208 607 1294 632 cum
1334 589 1508 645 στρέφει)
1545 594 1768 643 composita,
1817 582 1818 619 ἕ

289 660 532 707 Funckius¹)
565 661 783 710 prudenter
814 662 1011 710 explicuit.

402 730 498 767 Cum
520 728 667 766 Seilero
691 740 833 766 censeo
862 729 1025 766 verbum
1052 729 1298 767 intransitive
1321 741 1406 767 esse
1428 729 1596 778 positum
1632 728 1665 765 O
1687 731 1766 767 203
1818 771 1820 775 ¹

287 790 415 833 τόνδε
451 792 573 845 φέρω
604 792 669 833 Διὶ
698 792 847 845 μῦθον
878 785 1045 847 ἀπηνέα
1075 807 1121 833 τε
1152 789 1368 845 κρατερόν
1398 807 1457 842 τε,
1485 792 1490 845 Ι
1516 787 1542 846 ἦ
1568 807 1610 832 τι
1640 807 1766 845 μετα-

288 859 510 913 στρε’ψεις;
549 859 755 912 στρεπταὶ
791 860 872 912 μέν
901 874 948 900 τε
985 859 1140 913 φρένες
1171 858 1359 900 ἐσθλῶν.
1420 863 1494 900 Hic
1525 863 1573 900 de
1605 875 1767 901 conver-

288 931 406 969 tendo
445 944 561 969 curru
599 932 660 969 vel
699 932 855 969 omnino
894 931 941 969 de
978 931 1189 969 remeando
1229 944 1354 969 sermo
1393 934 1529 980 nequit
1564 943 1664 980 esse,
1700 931 1768 969 sed
1820 978 1821 983 ¹

289 1000 396 1037 notio
420 999 470 1036 ad
493 1000 663 1036 animum
686 999 879 1036 translata
901 1002 971 1036 est.
1012 1000 1225 1038 Conversio
1248 999 1364 1036 animi
1397 997 1460 1045 (cf.
1491 997 1524 1036 O
1546 1001 1616 1038 52:
1644 1010 1768 1048 μετα-

291 1063 489 1117 στρέψειε
510 1060 619 1103 νόον
651 1069 688 1104 et
716 1065 759 1103 K
779 1069 872 1105 107:
902 1062 1180 1116 μεταστρέψῃ
1204 1063 1338 1113 φίλον
1359 1053 1481 1117 ἦτορ)
1515 1079 1600 1104 cum
1630 1078 1768 1104 currus

291 1135 547 1172 conversione
571 1136 796 1183 comparata
817 1134 983 1172 videtur.
1044 1135 1256 1183 Eleganter
1284 1134 1385 1172 hanc
1408 1135 1612 1182 imaginem
1641 1133 1768 1172 reddi-

291 1202 346 1239 dit
378 1202 571 1239 Ameisius
603 1202 723 1240 verbo
754 1205 890 1239 nostro
926 1200 1202 1251 „umlenken“‚
1233 1214 1311 1251 qua
1340 1203 1377 1239 in
1406 1202 1602 1239 locutione
1633 1201 1768 1239 eadem

292 1270 476 1318 cogitatio
509 1282 648 1307 currus
680 1269 938 1308 convertendi
969 1269 1008 1307 in
1031 1270 1160 1308 animo
1183 1270 1431 1319 obversatur,
1462 1270 1533 1307 nisi
1566 1270 1671 1319 quod
1703 1270 1769 1308 ille

291 1350 400 1375 usum
433 1337 544 1375 verbi
574 1349 781 1386 perperam
814 1337 1037 1375 absolutum
1068 1337 1252 1386 appellat.

404 1406 477 1442 Vix
521 1404 752 1443 crediderim
800 1405 876 1442 alio
920 1405 1033 1442 modo
1083 1405 1219 1442 melius
1261 1405 1364 1442 hunc
1406 1405 1534 1443 locum
1583 1405 1767 1454 explicari

290 1484 417 1521 posse.
477 1471 640 1509 Ceterae
672 1471 826 1520 quidem
861 1472 1208 1520 interpretationes
1241 1472 1411 1509 virorum
1444 1471 1648 1510 doctorum
1679 1472 1769 1509 huic

291 1539 377 1577 loco
415 1551 492 1576 non
532 1539 624 1576 satis
663 1539 884 1593 convenire
904 1538 1100 1576 videntur.
1160 1539 1221 1577 Sic
1258 1541 1359 1587 sunt,
1395 1539 1461 1587 qui
1492 1531 1658 1585 vo'0v‘2),
1697 1539 1770 1588 alii,

290 1608 354 1655 qui
388 1606 437 1643 ad
467 1617 509 1642 τι
541 1606 656 1643 simul
694 1606 856 1643 audiant
885 1603 967 1642 τοῦ
997 1596 1203 1655 ,ici-eom).
1263 1607 1314 1644 At
1345 1609 1480 1655 aperte
1518 1607 1667 1655 ellipsis
1705 1606 1769 1644 ob-
1826 1602 1830 1646 ἶ,

290 1674 378 1712 iecti
410 1666 518 1710 νόον
549 1674 721 1722 permira
743 1677 811 1711 est.
871 1674 956 1711 Nec
978 1674 1102 1711 minus
1135 1674 1326 1712 obiectum
1348 1685 1390 1710 τι
1421 1673 1526 1723 apud
1555 1675 1767 1712 Homerum

290 1742 484 1779 insolItum
517 1744 586 1790 est,
624 1753 752 1789 neque
788 1741 858 1778 illa
889 1740 1006 1778 dictio
1043 1741 1214 1790 „aliquid
1246 1741 1354 1778 verbi
1384 1745 1551 1790 vertere,
1591 1740 1764 1779 mutare“
1826 1725 1827 1739 ἵ

290 1809 453 1858 praebet
483 1808 626 1846 bonum
660 1819 828 1845 sensum.
888 1807 1068 1846 Ceterum
1108 1809 1333 1846 coniunctio
1365 1809 1433 1845 illa
1462 1806 1613 1858 μῦθον
1641 1819 1767 1858 μετα·

290 1871 491 1925 στρέφε-ιν
531 1876 714 1913 inusitata
755 1875 873 1912 fuisse
910 1875 1079 1922 videtur3
1121 1888 1208 1912 nam
1252 1887 1381 1924 neque
1420 1876 1485 1913 illa
1526 1888 1597 1914 nec
1638 1876 1769 1914 similis
1827 1876 1828 1881 ’

291 1943 528 1992 coniunctio,
560 1955 662 1992 quae
693 1946 823 1992 potest
854 1942 1035 1992 conferri,
1066 1954 1231 1992 usquam
1263 1944 1470 1981 invenitur.

403 2022 607 2070 Reliquum
631 2024 700 2070 est,
732 2024 773 2059 ut
800 2021 938 2069 dicam,
969 2021 1063 2070 quid
1095 2021 1258 2058 sentiam
1292 2021 1339 2059 de
1370 2019 1396 2067 β
1419 2025 1486 2060 67:
1518 2019 1640 2059 θεῶν
1662 2010 1769 2059 ’ὕπο-

292 2085 457 2125 δείσατε
489 2086 635 2138 μῆνιν,
664 2081 721 2138 μή
743 2099 785 2124 τι
811 2083 1169 2137 μεταστρέψωσιν
1197 2078 1487 2138 ἀγασσάμενοι
1514 2082 1628 2126 κακὰ
1649 2083 1766 2140 ἔργα,

292 2157 354 2193 cui
391 2156 476 2193 loco
514 2156 799 2193 intransitivam
838 2157 1035 2193 notionem
1075 2156 1234 2193 subesse
1275 2156 1450 2193 nonnulli
1487 2159 1637 2204 putant.
1702 2157 1769 2194 Isti

297 2223 552 2268 „sententiam
585 2226 749 2271 mutare,
784 2222 983 2271 proposito
1015 2221 1230 2260 decedere“
1265 2225 1436 2260 vertunt.
1493 2223 1545 2261 At
1575 2235 1670 2261 vero
1700 2224 1770 2261 illa
1829 2211 1830 2246 l

291 2289 525 2338 significatio
557 2290 594 2326 in
628 2290 701 2327 hoc
732 2292 919 2327 contextu
951 2289 1195 2326 incommoda
1227 2292 1296 2338 est,
1327 2289 1419 2338 quia
1449 2302 1527 2328 non
1559 2290 1652 2328 satis
1682 2303 1768 2340 per·

293 2357 466 2407 spieitur,
511 2369 628 2406 quam
670 2357 901 2394 sententiam
949 2355 1010 2394 dei
1057 2356 1241 2394 mutaturi
1284 2356 1372 2394 sint.
1441 2358 1592 2395 Etenim
1640 2358 1769 2408 putari

294 2427 449 2474 oportet
487 2424 580 2462 deos
617 2435 771 2472 semper
807 2424 935 2472 procis
966 2423 1141 2462 scelestis
1178 2425 1461 2462 succensuisse.
1521 2425 1642 2463 Immo
1675 2438 1768 2463 vero

293 2496 409 2541 poeta
441 2491 572 2529 dicere
595 2492 696 2529 vult:
733 2492 888 2537 „timete
920 2492 1014 2528 iram
1048 2491 1222 2540 deorum,
1252 2503 1300 2529 ne
1333 2490 1432 2530 forte
1463 2493 1683 2531 exacerbati
1714 2493 1768 2531 in-

407 2602 435 2641 1)
466 2598 566 2633 Curt.
588 2597 690 2631 Stud.
713 2596 777 2639 IX,
799 2600 859 2631 152
881 2601 918 2631 et
937 2600 1008 2632 157.

405 2656 434 2693 ²)
464 2654 541 2688 Hoc
565 2653 695 2687 volunt
719 2652 916 2686 subaudire
942 2653 1171 2687 Duentzerus
1197 2655 1234 2686 et
1257 2652 1470 2696 Spitznerus
1496 2655 1542 2688 ad
1566 2653 1598 2689 h.
1616 2654 1637 2689 l.

406 2710 434 2754 3)
469 2710 564 2744 Haec
596 2712 653 2743 est
685 2708 868 2743 sententia
899 2708 1156 2743 Doederleinii.
1205 2708 1392 2744 Funckius
1425 2711 1447 2744 l.
1473 2710 1493 2745 l.
1526 2712 1654 2753 μῦθον
1686 2710 1768 2745 sub-

295 2766 412 2801 audiri
437 2766 529 2800 vult.
