1815 3231
1454 190 1523 223 lli

55 298 210 337 drinum
241 296 404 336 Hesiodi
425 297 695 347 Theogoniam
720 298 937 336 illustrasse
967 298 1300 347 commentariis'l,
1331 304 1446 348 atque
1480 300 1526 335 «ἰε-

55 378 188 405 eorum
230 368 372 403 natura.
411 365 485 402 hoc
523 366 712 414 suspicari
753 366 852 403 licet.
921 366 1141 403 Zenodotns
1183 380 1285 414 eum,
1328 370 1366 404 ut
1408 380 1527 415 supra

54 434 233 479 vidimus,
275 434 489 471 Homerum
531 435 680 470 tutatus
721 433 769 470 sit
809 446 831 470 a
868 433 1039 470 Platonis
1081 435 1313 471 criminibus.
1356 435 1528 472 nonnihil

54 502 172 540 habet
193 500 491 550 probabilitatis,
523 512 609 538 cum
634 501 708 538 hoc
730 501 766 538 in
792 500 890 538 libro
914 501 1083 540 Hesiodi,
1115 514 1226 549 quein
1263 502 1372 538 l'lato
1404 514 1526 549 aeque

55 573 173 619 atque
196 570 406 607 Homerum
426 567 718 617 vituperavit2),
740 567 973 605 defendendi
998 570 1236 606 occasionem
1261 582 1334 606 non
1360 573 1527 617 praeter-

55 648 218 675 misisse.

168 704 248 741 Iam
281 703 550 751 subsistamus,
589 706 630 741 ut
667 702 761 752 quid
801 702 847 740 de
879 702 1066 740 Zenodoti
1100 702 1353 740 Alexandrini
1393 702 1529 739 studiis

56 773 95 811 in
127 772 356 810 universum
396 770 648 809 statuendum
687 772 748 819 sit,
785 782 1042 820 exponamus;
1084 770 1130 808 de
1162 771 1386 819 fragmentis
1418 771 1529 818 enim,

57 852 158 890 quae
189 842 394 889 praeterea
424 838 495 876 viri
529 838 632 876 docti
672 839 902 887 plerumque
933 837 1131 875 Zenodoto
1163 837 1428 875 Alexandrino
1465 838 1529 874 ad-

57 908 302 957 scripserunt
333 907 407 955 vel,
440 909 483 944 ut
513 907 735 944 accuratius
767 906 985 954 loquamur,
1016 906 1062 952 ei,
1092 906 1199 942 cuius
1227 918 1345 954 opera
1377 918 1528 942 enume-

57 977 195 1014 rantur
227 975 262 1012 in
295 974 430 1012 tabula
461 973 648 1011 Suidiana
684 973 776 1011 inde
815 985 836 1010 a
868 974 987 1010 verbo
1020 966 1190 1022 ἔγραψε,
1228 985 1311 1009 eum
1345 972 1529 1009 Zenodoti

58 1055 200 1082 nomen
238 1041 386 1080 nudum
427 1043 568 1079 omisso
607 1040 838 1090 cognomine
878 1040 926 1078 sit-
962 1040 1144 1077 traditum
1183 1052 1308 1089 neque
1347 1040 1529 1088 Hesyehii

58 1111 283 1150 testimonio
323 1111 376 1148 uti
411 1110 539 1159 liceat,
575 1109 758 1147 iudicium
792 1113 867 1146 tam
900 1109 1088 1146 incertum
1118 1111 1185 1154 est,
1223 1112 1263 1145 ut.
1293 1108 1339 1145 ‹le
1371 1111 1529 1145 auctore

58 1178 156 1218 nihil
197 1178 292 1216 certi
336 1177 520 1215 affirmari
561 1177 693 1226 possit.
759 1177 858 1214 Nam
902 1176 971 1213 etsi
1013 1175 1163 1223 librum,
1203 1175 1268 1223 qui
1309 1175 1531 1211 inscribitur

26 1245 32 1252 ”
60 1238 260 1296 ἱστορικὰ
290 1234 580 1295 ὑπομνήματα
613 1257 641 1282 s.
673 1238 887 1292 ἐπιτομαὶ,
920 1246 957 1280 et
984 1235 1161 1286 ἐθνικὰς
1185 1237 1328 1289 λέξεις,
1361 1247 1401 1278 ut
1433 1242 1531 1278 infra

60 1314 247 1363 dicemus,
274 1315 341 1351 aut
362 1312 411 1350 ad
433 1311 673 1350 Zenodotum
697 1311 1004 1349 Alexandrinum
1028 1314 1095 1347 ant
1115 1309 1163 1346 ad
1187 1309 1380 1347 Mallotam
1406 1308 1531 1345 redire

59 1394 131 1432 pro
161 1384 267 1420 certo
295 1380 378 1418 fere
410 1384 469 1418 est
500 1379 734 1428 habendum,
766 1382 893 1417 tamen
926 1378 1064 1426 omnia,
1095 1389 1194 1426 quae
1227 1376 1327 1413 ultra
1359 1375 1532 1423 tendunt,

61 1462 191 1488 merae
223 1451 316 1487 sunt
346 1449 597 1486 coniecturae
635 1447 867 1485 dubitationi
899 1445 1013 1483 valde
1045 1444 1246 1483 obnoxiae.
1306 1443 1414 1490 Quae
1447 1455 1529 1480 cum

60 1519 113 1556 ita
143 1518 231 1563 sint,
263 1516 438 1566 reliquiis
469 1516 516 1553 iis
546 1517 709 1561 tantum,
741 1526 843 1563 quae
875 1513 923 1551 ad
954 1512 1193 1550 Zenodotum
1225 1510 1529 1549 Alexandrinum

61 1585 144 1623 sine
176 1584 295 1622 dubio
327 1583 567 1630 referuntur,
597 1582 782 1620 adhibitis
813 1581 983 1619 iudicare
1014 1580 1216 1617 voluimus.
1274 1578 1433 1626 Scripsit
1466 1577 1531 1613 Ze-

63 1652 231 1692 nodotus
249 1651 542 1690 Alexandrinus
563 1651 778 1688 solutiones
801 1649 1039 1696 Homericas‚
1065 1647 1214 1695 librum,
1236 1647 1299 1694 qui
1324 1645 1532 1694 inscriptus

63 1721 136 1759 fuit
166 1710 278 1770 πρὸς
301 1712 524 1757 Πλάτωνα
545 1714 645 1767 περὶ
668 1716 802 1764 θεῶν,
834 1715 1131 1755 commentarios
1162 1715 1198 1751 in
1230 1712 1385 1751 Hesiodi
1409 1712 1533 1750 Theo-

64 1790 230 1839 goniam.
292 1788 456 1827 Duobus
486 1789 524 1826 in
555 1787 662 1825 libris
693 1806 747 1812 —-
776 1797 865 1823 nam
898 1784 946 1822 de
977 1781 1260 1821 commentariis
1296 1780 1343 1817 ad
1377 1778 1535 1817 Hesiodi

64 1860 334 1910 Theogoniam
367 1856 652 1908 pertinentibus
685 1855 828 1893 certius
860 1852 1052 1890 affirmare
1085 1850 1217 1888 dubito
1251 1869 1301 1874 —
1333 1853 1369 1885 et
1400 1848 1437 1885 in
1469 1839 1534 1883 21²-

66 1935 157 1966 σεσι
189 1931 227 1967 et
257 1927 295 1966 in
317 1927 417 1965 libro
449 1928 586 1964 contra
607 1924 808 1962 Platonem
837 1920 1058 1969 conscripto
1091 1931 1146 1961 eo,
1178 1920 1220 1955 ut
1241 1916 1414 1954 vidimus.
1448 1927 1535 1952 con-

65 1997 149 2036 silio
181 2000 240 2035 est
261 2007 368 2045 usus,
399 1997 442 2033 ut
463 1996 599 2044 poetas
625 2005 647 2029 a
675 1989 1007 2029 criminationibus
1035 1987 1089 2025 eis
1112 1986 1269 2024 intentis
1292 1983 1535 2031 defenderet3

65 2068 185 2115 atque
216 2065 255 2102 in
287 2064 351 2102 illo
388 2062 559 2107 Homeri,
596 2061 634 2098 in
667 2060 739 2097 hoc
776 2070 861 2096 cum
899 2057 1062 2094 aliorum
1100 2059 1179 2092 tum
1212 2052 1368 2090 Homeri
1406 2054 1536 2100 partes

66 2134 252 2183 suscepit.
311 2131 461 2180 Quodsi
497 2129 609 2168 addis
651 2126 946 2166 commentarios
989 2123 1036 2161 ad
1078 2120 1288 2160 Hesiodum
1330 2123 1536 2168 spectasse,

67 2202 152 2241 iure
183 2201 403 2250 colligimus
440 2201 645 2248 poetarum
677 2194 804 2234 studio
843 2193 1007 2231 maxime
1039 2202 1194 2240 operam
1227 2199 1388 2226 navasse
1420 2187 1535 2223 Zeno-

69 2270 202 2309 dotum
224 2267 549 2307 Alexandrinum.
610 2266 687 2302 Iam
720 2261 825 2312 quod
853 2260 988 2299 attinet
1018 2259 1065 2296 ad
1093 2258 1293 2303 rationem,
1324 2266 1437 2303 quam
1469 2253 1537 2291 ad-

6 2332 9 2335 *
69 2339 195 2377 hibuit
224 2337 263 2375 in
285 2336 424 2375 studiis
445 2333 719 2384 grammaticis,
751 2329 960 2368 tenendum
984 2330 1042 2365 est
1073 2326 1119 2363 ab
1152 2323 1313 2373 argutiis
1344 2334 1428 2360 eum
1460 2333 1535 2358 non

69 2405 323 2445 abhorruisse
354 2414 494 2452 neque,
526 2413 612 2438 cum
644 2398 817 2437 Platonis
849 2395 1062 2433 doctrinam
1095 2390 1393 2441 impugnaverit,
1423 2393 1537 2426 teme-

69 2474 184 2513 ritate
214 2471 384 2523 quadam
417 2469 608 2517 caruisse3
646 2466 713 2505 sed
744 2463 995 2503 nihilominus
1032 2460 1187 2498 dubium
1219 2457 1308 2495 mihi
1341 2468 1424 2494 esse
1461 2468 1537 2493 non

70 2541 240 2591 videtur,
261 2539 357 2590 quin
378 2539 416 2576 in
434 2534 663 2586 explicando
686 2536 723 2572 et
744 2530 966 2580 indagando
985 2541 1077 2567 vero
1099 2538 1256 2577 operam
1280 2523 1539 2572 collocaverit,

70 2623 149 2649 non
179 2610 219 2647 in
248 2607 396 2656 ingenii
426 2604 605 2643 acumine
637 2598 878 2641 ostendando
910 2598 974 2635 vel
1004 2596 1114 2635 simili
1145 2606 1265 2644 pravo
1296 2591 1437 2630 studio.

185 2707 213 2750 ¹)
249 2702 524 2738 Dubitaverunt
561 2699 639 2733 sine
677 2697 773 2731 iusta
805 2704 915 2730 causa
952 2693 1188 2733 Schoemann‚
1225 2691 1316 2734 Opp.
1340 2688 1373 2722 11
1405 2698 1437 2732 p.
1458 2691 1538 2729 5353

72 2762 245 2798 Muetzell
270 2771 305 2804 p.
323 2762 405 2802 2813
429 2756 613 2799 Welcker,
637 2754 774 2797 Theog.
800 2763 833 2796 p.
854 2755 904 2785 1⁵.

186 2821 216 2862 2)
247 2816 302 2852 Cf.
328 2827 362 2865 p.
386 2817 444 2848 145
470 2813 553 2847 adn.
576 2816 599 2848 1,
