1830 3201
316 187 392 223 392

434 291 468 341 1)
500 292 625 330 schol,
648 292 742 330 Ach.
765 295 844 330 614
877 281 899 327 ὁ
928 285 1164 342 Κοισύραςε
1197 281 1220 327 ὁ
1249 291 1492 341 Μεγακλῆς·
1522 285 1718 342 Κοισύρα
1740 289 1784 330 δὲ

313 357 484 410 ἐγένετο
507 349 732 409 Ἀθήνησιν
753 348 926 409 εὖγενὴς
947 352 1058 408 γυνὴ
1081 354 1153 394 καὶ
1174 354 1379 403 πλουσία,
1406 351 1545 409 μήτηρ
1567 354 1786 408 Μεγακλέ-

315 439 403 472 ους,
431 416 476 471 ὃς
503 418 845 475 καταβεβρωκὼς
871 418 950 475 τὴν
972 414 1129 462 οὐσίαν
1155 421 1228 462 καὶ
1255 416 1444 474 ’ὕστερον
1468 417 1806 476 πεπλουτηκώς·

314 489 361 530 ἐκ
396 492 476 530 τοῦ
512 484 566 530 τὰ
601 486 729 529 κοινὰ
766 485 974 541 πράσσειν
1011 490 1180 542 λέγεται
1219 492 1283 539 (cf.
1315 492 1418 530 Suid.
1451 505 1479 530 s.
1501 506 1535 530 v.
1563 483 1788 542 Κοισύρα),

316 573 414 610 quae
442 561 562 598 verba
593 572 827 609 quamquam
861 560 934 597 illis
956 560 1195 608 temporibus
1222 560 1446 608 Megaclem,
1479 563 1583 598 certe
1614 559 1787 608 Coespae

315 629 448 673 filium,
468 628 631 665 Athenis
649 627 767 664 fuisse
785 630 877 676 puto
896 627 1055 675 probari
1078 640 1165 665 cum
1188 627 1462 676 Aristophanis
1484 627 1786 676 Babyloniorum

317 700 395 734 tum
414 695 610 733 Strattidis
628 698 665 732 et
682 695 875 732 Leuconis
893 694 1119 744 fragmentis
1132 692 1190 744 16),
1213 698 1251 732 et
1268 707 1406 732 nomen
1427 695 1613 744 Megaclis
1635 695 1695 732 hic
1713 707 1789 732 una

316 775 399 800 cum
433 763 630 800 Lamacho
663 762 804 811 exponi
837 765 879 799 ut
910 762 1146 799 nobilitatem
1179 762 1282 811 plebi
1307 763 1526 812 oppositam
1558 774 1789 812 repraesen-

316 833 400 868 tent
430 850 482 854 —
515 832 555 867 ut
586 841 663 866 non
696 829 743 866 ab
771 829 872 866 omni
895 831 1005 878 parte
1037 830 1276 867 consentiam
1309 842 1395 867 cum
1428 829 1642 868 editoribus
1673 829 1789 878 Blay-

321 896 440 944 desio,
470 896 515 934 A.
537 896 735 944 MuellerO,
762 895 972 934 Ribbeckio
999 917 1053 921 ——
1081 909 1181 945 quae
1203 896 1323 934 verba
1345 896 1433 934 dico
1455 896 1615 934 aliunde
1637 899 1790 945 sumpta

322 977 396 1002 non
430 976 514 1001 esse
545 964 616 1001 nisi
649 976 669 1001 e
701 964 902 1002 comoedia
933 964 1102 1013 quadam
1134 964 1322 1014 probatur
1353 969 1391 1002 et
1421 964 1558 1002 scholii
1580 967 1722 1002 natura
1752 970 1790 1001 et

317 1032 611 1070 scholiastarum
644 1043 750 1069 more
790 1034 998 1081 utcumque
1029 1031 1110 1069 fieri
1144 1034 1273 1080 potest
1308 1031 1412 1070 solas
1444 1031 1664 1070 comoedias
1701 1043 1790 1069 con-

318 1099 540 1137 sulentium.

432 1164 471 1211 2)
514 1165 641 1203 Schol
670 1165 770 1203 Nub.
798 1168 849 1204 46
883 1165 1116 1215 Didymeum
1156 1163 1218 1213 (cf.
1250 1178 1286 1215 p.
1315 1164 1410 1212 231)
1443 1152 1791 1210 1.2-5;οὖτος

320 1233 388 1278 (sc
412 1231 622 1280 Megacles)
656 1227 700 1268 δὲ
733 1226 986 1279 διεβάλλετο
1020 1245 1080 1277 ως
1111 1229 1282 1277 (δοῦλος.
1334 1222 1356 1269 ὁ
1387 1230 1567 1283 πρῶτος
1597 1219 1680 1270 οὖν
1709 1232 1790 1271 Me-

321 1296 484 1350 γακλῆς
516 1290 736 1349 Κοισιρας
772 1298 828 1348 ἠι
860 1290 953 1344 υἱὸς
993 1289 1087 1349 ἥτις
1124 1294 1177 1350 ἦ)
1212 1288 1536 1349 ὗπερὲαίπουσα
1570 1296 1683 1350 γένει
1720 1296 1790 1336 καὶ

319 1360 513 1403 πλούτω.
567 1361 618 1417 ‘i'
650 1362 695 1403 δὲ
726 1361 769 1415 ἐξ
799 1358 1019 1416 Ερετρίας.
1072 1358 1139 1403 διὸ
1172 1363 1243 1403 καὶ
1271 1367 1574 1417 κοισιρεϊσθαι
1604 1360 1655 1404 τὸ
1685 1363 1792 1417 μέγα

320 1439 502 1484 φρονεῖν
532 1424 633 1484 ,παρ’
654 1423 951 1483 Ἐρετριεῦσιν.

433 1505 471 1545 3)
514 1501 639 1539 Schol.
668 1502 768 1539 Nub.
797 1504 849 1540 48
888 1502 908 1538 l.
939 1505 1111 1541 26—-31
1153 1503 1215 1540 ubi
1255 1515 1331 1540 non
1367 1506 1443 1540 tam
1474 1498 1580 1552 μέγα
1610 1505 1793 1552 φρονεῖν

320 1568 555 1618 (superbire)
604 1581 718 1618 quam
766 1567 940 1618 τρυφᾶν
979 1566 1195 1618 περισσῶς
1235 1569 1495 1619 κοσμεῖσθαι
1536 1570 1704 1607 vertitur
1743 1562 1792 1606 τὸ

320 1634 609 1686 κοισυρᾶσθαι
649 1649 671 1673 a
709 1636 882 1685 Coesyra
919 1636 1151 1674 derivatum.
1202 1628 1311 1687 αὕτη
1350 1632 1394 1673 δὲ
1430 1630 1626 1688 ἐγαμήθη
1658 1634 1795 1673 Πεισι-

321 1695 491 1754 στράτῳ
538 1697 853 1754 ἑπιχειρήσαντι
904 1708 1151 1753 τυραννεῖν.
1220 1704 1325 1742 Idem
1370 1704 1450 1742 fere
1489 1704 1593 1754 apud
1636 1703 1793 1741 Suidam

321 1784 349 1810 s.
371 1784 405 1808 v.
433 1766 837 1821 ἕγκεκοισυρωμένη
869 1775 907 1809 et
938 1773 1095 1820 etymol.
1118 1785 1245 1820 magn.

433 1838 473 1884 4)
517 1839 643 1877 Schol.
665 1839 766 1877 Nub.
788 1842 881 1888 800,
921 1839 982 1877 ubi
1016 1840 1052 1877 in
1086 1839 1350 1889 compluribus
1381 1839 1538 1876 scholiis
1570 1837 1704 1875 eadem
1736 1830 1793 1874 re-

322 1910 519 1956 petuntur,
551 1920 652 1956 quae
683 1910 725 1944 ut
755 1907 949 1955 Didymen
980 1907 1166 1955 leguntur
1196 1907 1232 1944 in
1266 1906 1385 1944 schol.
1408 1906 1508 1944 Nub.
1530 1909 1594 1944 46.

435 1973 475 2019 5)
518 1975 694 2023 Denique
727 1975 898 2023 ineptum
930 1975 1237 2012 additamentum
1271 1974 1318 2012 ad
1352 1975 1471 2011 schol.
1498 1975 1588 2011 Pac.
1610 1976 1688 2012 451
1719 1973 1742 2010 l.
1771 1977 1793 2012 6

323 2035 391 2078 διὰ
415 2035 492 2092 τὴν
519 2034 751 2091 Κοισύραν,
783 2032 873 2093 ἥτις
902 2033 1038 2092 δούλη
1061 2034 1112 2093 ἦν
1145 2033 1205 2086 (ὃς
1226 2049 1359 2092 (χησιν
1380 2037 1427 2078 ἐν
1449 2037 1664 2089 Νεφέλαις
1695 2053 1794 2090 quae

323 2108 459 2145 hausta
489 2113 579 2145 sunt
610 2121 628 2145 c
661 2109 762 2146 Nub.
783 2112 834 2147 46
868 2096 998 2154 οὗτος
1028 2105 1260 2160 ᾹΙεγακλῆς
1291 2097 1350 2153 ὥς
1382 2104 1543 2153 δοῦλος
1573 2107 1665 2145 κτλ.

436 2187 542 2223 Ilaec
573 2188 701 2224 omnia
732 2191 822 2225 sunt
853 2200 953 2236 quae
985 2187 1032 2225 de
1055 2188 1227 2235 Coesyra
1258 2190 1411 2224 exstant
1441 2186 1546 2235 apud
1577 2187 1798 2235 scriptores,

325 2265 461 2301 nempe
493 2253 592 2291 duae
625 2255 841 2291 mentiones
880 2267 926 2291 ex
958 2254 1116 2292 historia
1147 2257 1336 2303 sumptae,
1375 2254 1500 2291 altera
1537 2266 1614 2302 qua
1645 2266 1689 2290 ea
1721 2253 1797 2290 Me-

326 2321 447 2367 gaclis
469 2323 599 2367 mater,
622 2321 867 2359 Alcmaeonis
888 2321 974 2367 filia,
999 2322 1242 2367 Eretricnsis,
1265 2321 1418 2365 dicitur,
1449 2320 1648 2369 Didymea,
1670 2320 1795 2357 altera

327 2400 404 2435 qua
426 2388 616 2424 Pisistrati
640 2400 738 2425 uxor
759 2393 933 2425 vocatur.
993 2389 1051 2425 An
1076 2389 1172 2426 haec
1195 2400 1333 2426 revera
1361 2401 1407 2425 ex
1430 2388 1591 2425 historia
1614 2387 1797 2435 sumpta?

331 2452 439 2499 Quod
482 2453 733 2492 crediderunt
773 2456 1022 2503 interpretes,
1064 2454 1317 2492 crediderunt
1357 2455 1469 2492 etiam
1513 2454 1686 2491 historici
1733 2452 1797 2499 (cf.

329 2520 498 2567 Curtius,
528 2520 549 2556 l.
577 2533 609 2557 a.
638 2521 670 2558 15
703 2534 736 2569 p.
765 2524 872 2565 345).
933 2523 981 2559 Et
1020 2521 1207 2570 profecto,
1244 2534 1328 2558 cum
1366 2522 1449 2559 aliis
1488 2522 1582 2558 locis
1623 2521 1683 2557 hic
1720 2520 1797 2557 illic

328 2598 390 2622 res
423 2586 619 2624 videamus
650 2600 672 2624 a
702 2588 963 2636 grammaticis
994 2588 1190 2637 expositas
1222 2588 1378 2625 aliunde
1410 2600 1486 2625 non
1519 2590 1642 2636 notas,
1679 2598 1798 2624 causa

441 2728 482 2766 16)
514 2726 566 2761 Cf.
593 2727 810 2769 Meinekius‚
835 2728 856 2762 l.
874 2738 903 2761 a.
927 2729 960 2762 11
986 2739 1020 2772 p.
1038 2731 1113 2772 991,
1132 2732 1206 2770 774,
1226 2730 1307 2770 7493
1339 2727 1570 2769 Petersenus‚
1595 2727 1616 2760 l.
1640 2736 1671 2760 a.
1695 2736 1730 2769 p.
1755 2728 1796 2760 92

330 2780 409 2814 adn.
428 2783 462 2823 23
488 2780 683 2824 Gilbertus,
708 2783 728 2816 l.
748 2792 777 2817 a.
805 2793 837 2826 p.
858 2786 920 2817 166
946 2787 981 2817 et
1006 2784 1087 2818 adn.
1110 2787 1159 2818 14.
