1815 3231
1436 166 1515 205 243

35 283 184 321 diserte
224 287 506 332 exposuerunt,
548 284 600 320 ita
642 286 867 331 comparata
906 287 979 331 est,
1026 287 1067 320 ut
1107 282 1271 321 Carciuo
1312 294 1428 330 saepe
1468 281 1516 318 ab

36 351 305 400 Aristophane
327 352 443 389 illuso
476 355 555 389 tres
587 355 718 389 esseut
749 351 827 400 filii,
859 363 878 388 e
901 351 1042 400 quibus
1067 352 1142 399 uni,
1174 350 1344 395 Xenocli,
1377 353 1517 398 poetae

34 420 195 467 tragico,
233 424 394 468 propter
425 419 580 457 (licendi
612 432 737 467 genus
775 420 900 456 minus
933 431 1073 467 purum
1107 418 1259 455 natulis
1291 430 1431 455 nomen
1463 417 1517 453 in-

36 487 158 524 ditum
192 499 278 525 esse
312 488 631 525 verisimillimum
665 490 734 536 est,
771 500 885 536 quein
925 491 1087 535 propter
1120 486 1194 523 hoc
1226 487 1349 534 ipsum
1382 485 1515 522 vitium

36 556 98 592 hic
130 555 265 593 irridet
296 559 422 604 poeta.
484 556 664 593 Ceterum
697 568 773 592 nou
807 555 1075 591 soloecismum
1110 550 1327 603 χαίρομαι,
1363 552 1430 590 scd
1462 556 1516 589 to-

35 622 112 660 tius
144 623 228 660 eius
251 623 443 660 sermonis
469 623 695 671 languorem
728 614 887 672 ἥδομαι
920 618 989 658 καὶ
1022 618 1225 671 χαίρομαι
1259 611 1517 670 κεύφραίνο-

34 701 110 740 μαι
142 694 260 739 poeta
282 690 437 727 videtur
464 691 744 739 perstringere.
805 690 956 727 Deinde
989 689 1162 727 ciusdem
1187 688 1340 726 dicendi
1363 689 1518 736 generis

37 758 280 807 praeclarum
320 757 507 795 habemus
545 758 767 806 exemplum
805 758 926 795 schol.
954 757 1025 794 Αν.
1055 760 1146 806 766,
1184 757 1247 794 ubi
1286 769 1371 794 cum
1410 756 1519 804 prius

38 826 228 864 scholium
252 826 273 863 l.
293 829 446 865 23-30
469 826 610 863 habeat
632 816 762 862 midi-12
780 821 913 873 σαφὲς
931 819 1084 874 Ξ-’χωμὸν
1100 821 1164 868 τίς
1186 815 1208 861 ὁ
1227 821 1405 862 Πεισίου
1423 823 1517 862 κτλ.

36 890 99 944 εἴη
138 889 183 930 δὲ
220 884 274 930 ἄν
310 905 352 930 τι
389 887 708 943 συμπεπραχὼς
746 899 838 938 τοῖς
877 886 1202 942 ἑρμοκοπίὸίζις,
1243 893 1406 930 alterum
1449 905 1518 941 pro

37 964 143 1000 certo
174 961 357 999 affirmat:
390 955 431 998 oi
461 956 541 1011 μὲν
573 991 580 998 .
616 991 623 998 .
659 991 665 996 .
700 956 776 997 ἕνα
809 954 918 997 εἶναι
952 959 1045 997 τῶν
1076 954 1397 1010 ἑρμοκοπιὸῶν.
1461 962 1519 998 De

37 1030 185 1068 scholio
217 1029 301 1078 ipso
333 1032 470 1079 postea
491 1029 718 1067 videbimus.
781 1029 932 1076 Quibus
961 1028 1147 1077 expositis
1179 1028 1271 1065 nihil
1305 1029 1407 1065 volui
1440 1028 1518 1065 cffi-

38 1110 126 1135 cere
159 1097 231 1135 nisi
265 1100 318 1145 ut,
349 1097 386 1134 id
410 1097 515 1146 quod
540 1110 657 1146 saepe
680 1097 825 1134 dictum
850 1100 920 1145 est,
953 1096 1109 1134 umbras
1132 1097 1258 1134 solum
1282 1097 1518 1134 scholiorum

39 1165 87 1202 ad
120 1177 191 1203 nos
222 1166 451 1214 pervenisse
483 1165 544 1202 vcl
575 1165 719 1202 talibus
752 1165 858 1202 cerui
891 1165 1082 1213 exemplis
1112 1165 1329 1214 probarem.

150 1243 227 1282 Sed
259 1243 386 1282 minus
424 1244 497 1281 iam
536 1244 748 1291 miraberis,
787 1243 894 1293 quod
932 1244 1160 1293 saepissime
1199 1255 1262 1281 res
1302 1255 1373 1291 pro
1412 1246 1519 1280 certo

39 1312 171 1350 afferri
202 1311 326 1360 vides,
358 1324 460 1360 quae
492 1323 512 1349 e
544 1312 636 1349 solis
667 1315 808 1361 poetae
840 1312 971 1349 vorbis
1005 1315 1118 1349 natae
1150 1314 1251 1356 sunt,
1284 1311 1427 1359 quibus
1458 1310 1519 1347 hic

41 1380 105 1417 llic
145 1379 300 1418 accedit
341 1380 508 1418 scientia
546 1380 737 1429 quaedam
778 1392 911 1417 carum
954 1392 1095 1427 rerum,
1136 1392 1237 1428 quae
1276 1380 1311 1416 in
1351 1379 1519 1416 oninium

38 1459 105 1486 ore
127 1450 250 1486 erant.
310 1448 421 1494 Quae
443 1447 593 1485 scholia
625 1461 711 1485 cum
744 1449 880 1497 quanti
912 1447 1155 1485 aestimanda
1187 1448 1263 1485 sint
1293 1450 1331 1484 et
1361 1459 1438 1495 quo
1471 1458 1519 1484 ex

37 1515 146 1553 font-e
178 1515 318 1553 hausta
349 1516 423 1552 ian]
456 1518 620 1564 constet,
651 1516 745 1553 satis
769 1515 917 1553 habebo
951 1527 994 1553 ea
1017 1517 1169 1560 afferre,
1202 1515 1275 1552 hoc
1306 1514 1401 1551 illud
1433 1518 1517 1551 tan-

38 1585 118 1621 tum
157 1584 380 1621 accuratius
417 1586 606 1633 tractans,
646 1584 722 1621 alia
764 1583 971 1633 quaedam,
1012 1587 1053 1621 ut
1090 1583 1163 1621 iam
1203 1582 1294 1631 dixi,
1335 1582 1522 1632 deinceps

39 1663 250 1700 exponens

152 1720 283 1758 Habes
320 1720 430 1758 talia:
473 1720 571 1757 Ach.
603 1723 681 1759 134
719 1707 850 1763 οὗτος
888 1715 933 1756 δὲ
970 1714 1167 1756 ἐκαλεῖτο
1204 1715 1392 1767 Θέωρος,
1432 1721 1523 1767 266,

40 1790 133 1838 298,
163 1791 257 1837 527,
294 1788 372 1838 ubi,
409 1800 495 1826 cum
526 1800 590 1826 res
622 1788 729 1837 ipsae
767 1788 879 1825 bonis
912 1787 1084 1825 fontibus
1122 1787 1350 1833 debeantur,
1389 1799 1522 1824 earum

39 1868 164 1894 nexus
195 1869 216 1894 e
246 1858 387 1906 poetae
418 1857 549 1894 verbis
581 1856 746 1894 haustus
779 1858 855 1899 est:
895 1854 1037 1893 deinde
1070 1855 1167 1892 Ach.
1197 1857 1274 1893 617
1309 1854 1330 1891 l.
1360 1857 1410 1893 37
1426 1867 1523 1904 sqq„

43 1926 166 1969 1032,
191 1923 256 1961 fef.
293 1923 414 1961 schol.
443 1923 561 1972 Vesp.
592 1926 716 1972 1432,
758 1923 886 1971 Equit.
919 1925 953 1968 2,
994 1923 1061 1960 ubi
1101 1922 1281 1959 diversae
1322 1921 1524 1970 finguntur

41 2003 194 2039 causae,
226 2003 295 2028 cur
317 1983 573 2040 Παφλαγών
599 1991 726 2028 dictus
749 1991 799 2027 sit
820 1990 954 2039 Cleon,
985 1989 1032 2027 cf.
1065 1990 1185 2028 schol.
1209 1990 1328 2038 Vesp.
1351 1992 1414 2038 34,
1446 2002 1523 2038 qua

40 2061 78 2098 in
101 2060 333 2109 quaestione
364 2058 414 2096 ad
446 2071 528 2096 eam
557 2059 760 2097 stultitiam
792 2058 987 2096 recentior
1008 2058 1148 2107 aliquis
1172 2058 1402 2095 scholiastes
1434 2070 1522 2106 pro-

40 2139 201 2177 gressus
232 2129 297 2172 est,
336 2130 379 2164 ut
416 2139 557 2165 revera
588 2127 886 2176 Paphlagonem
926 2126 1108 2164 Cleonem
1147 2138 1232 2163 esse
1271 2128 1438 2174 putaret,
1476 2125 1521 2163 cf.

41 2195 161 2233 schol.
189 2195 286 2243 Equ.
319 2196 396 2233 199
430 2195 451 2232 l.
479 2197 520 2233 8:
561 2187 653 2231 εἶπε
691 2190 735 2231 ὁὲ
768 2186 1081 2243 Πασλαγόυωι)
1120 2185 1189 2230 διὰ
1224 2186 1304 2230 τὸν
1335 2189 1522 2230 Κλέωνα

42 2261 261 2312 (hucusque
283 2263 328 2312 R,
356 2260 513 2310 Mai-tin)
546 2255 695 2311 ἐπειδὴ
720 2254 974 2311 Παφλάγων
999 2248 1067 2311 ἧι),
1101 2261 1148 2298 cf.
1178 2262 1267 2298 Pac.
1292 2264 1382 2300 753.
1432 2262 1522 2299 Non

42 2331 153 2368 aliter
185 2333 455 2379 comparatum
487 2333 546 2368 est
581 2330 700 2368 schol.
729 2331 828 2378 Equ.
857 2333 891 2374 7,
920 2331 1013 2378 282,
1049 2329 1113 2366 ubi
1146 2341 1215 2366 cur
1246 2329 1332 2366 cibo
1365 2329 1522 2377 publico

43 2411 120 2436 non
162 2397 332 2436 donatus
375 2401 479 2436 esset
518 2397 709 2445 Pericles,
754 2397 930 2434 diversas
972 2408 1111 2434 causas
1156 2397 1239 2445 ipse
1285 2397 1524 2445 excogitavit

42 2465 292 2513 scholiastes3
325 2465 466 2503 deinde
489 2465 611 2503 schol.
634 2465 766 2514 Equit.
789 2467 880 2513 248,
903 2466 984 2503 300
1012 2467 1050 2501 et
1072 2464 1190 2501 multa
1212 2464 1287 2500 alia
1308 2464 1355 2501 de
1378 2464 1523 2502 Cleone

42 2533 268 2584 byrsopola,
306 2546 406 2582 quae
439 2534 566 2572 omnia
605 2536 744 2583 poetae
775 2533 894 2570 verba
931 2532 1096 2570 circuitu
1133 2532 1303 2581 quodam
1340 2532 1522 2578 reddunt,

43 2605 86 2639 ut
106 2601 226 2639 schol.
249 2602 379 2649 Equit.
399 2604 490 2651 768,
510 2604 576 2652 44,
598 2605 691 2651 300,
713 2604 805 2651 331,
832 2601 921 2638 Pac.
939 2602 1004 2650 43,
1035 2600 1177 2638 deinde
1198 2600 1320 2639 schol.
1337 2601 1373 2637 II
1394 2601 1523 2649 Equit.

47 2742 215 2786 bertsma,
239 2741 346 2786 spec.
360 2741 431 2776 litt.
443 2743 636 2777 continens
654 2741 763 2787 prior.
782 2745 872 2786 part.
888 2740 1222 2785 prosopographiae
1236 2739 1365 2784 Arist„
1390 2739 1523 2785 Lugd-

44 2799 171 2834 Batav.
192 2801 288 2843 1855,
312 2808 421 2843 pagg.
441 2801 481 2833 32
497 2808 594 2843 sqq.3
624 2799 815 2841 Leeuwen,
840 2797 1014 2832 Mnemos.
1033 2796 1120 2831 XVI
1145 2806 1228 2842 pag.
1248 2799 1321 2830 435.
