1815 3231
1478 199 1526 234 ⁶7

51 298 125 336 iam
158 299 281 347 ipsum
314 309 440 346 aeque
474 310 519 336 ac
551 299 711 336 verbum
746 299 894 348 duplici
920 301 982 338 illa
1006 302 1287 351 signification<¹
1312 317 1396 342 osse
1419 319 1528 354 prav-

53 365 185 405 ditum
217 364 565 404 demonstraretur.

165 444 354 484 Transire
387 458 491 484 nunc
523 446 614 484 licet
643 446 689 484 ad
713 448 984 486 tractationem
1009 450 1115 487 verbi
1140 452 1271 500 ipsius,
1302 452 1405 501 quod
1432 465 1530 490 unus

57 525 106 551 ex
138 513 318 552 omnibus
350 513 639 563 lexicographis
661 514 959 553 Autcnrictliius
992 518 1073 554 iure
1096 518 1131 555 in
1156 518 1231 556 duo
1256 520 1373 557 verba
1395 533 1530 558 secare

58 593 178 620 ausus
210 584 280 620 est.

164 662 199 697 I.
246 655 418 711 ἑρωέω
453 660 503 699 ad
533 661 710 711 radicem
733 663 914 712 pertinet,
947 665 1004 702 cui
1031 666 1237 711 peculiaris
1260 668 1362 704 notio
1388 667 1529 704 fluendi

57 729 142 768 fuit.
203 729 447 778 Quamquam
472 729 635 768 verbum
669 730 741 768 hac
766 732 922 769 notione
946 733 1159 781 praeditum
1184 734 1427 771 intransitive
1451 738 1531 772 tan-

54 802 134 837 tum
159 801 374 848 usurpatur
406 810 479 836 nec
503 801 714 847 propterea
746 799 793 836 ad
818 799 1112 849 disputationem
1139 806 1307 839 nostram
1341 804 1532 851 pertinere

54 866 224 916 videtur,
268 868 422 914 tamen,
467 867 560 915 quia
603 867 836 905 sententiam
883 881 1036 917 eorum,
1081 870 1145 918 qui
1192 870 1367 907 diversas
1414 871 1531 908 noti«,-

61 946 131 972 nes
162 946 210 972 ex
248 946 327 972 una
365 934 489 983 stirpe
527 935 770 973 succrevisse
801 939 958 985 putant,
998 937 1111 974 hodio
1144 938 1305 974 maxime
1337 938 1531 986 vulgatam

57 1015 144 1041 esse
182 1001 317 1051 video,
357 1014 554 1051 exponere
592 1003 769 1053 studebo,
811 1016 888 1053 quo
927 1007 1039 1053 pacto
1081 1005 1220 1054 singuli
1264 1006 1355 1054 loci,
1395 1006 1534 1054 quihus

58 1071 323 1120 homonymon
356 1069 450 1108 illud
484 1071 642 1120 legitur,
672 1072 828 1120 utrique
861 1072 979 1109 verbo
1011 1074 1087 1110 sint
1118 1073 1351 1121 assignandi.

174 1139 228 1177 Ut
258 1150 379 1188 supra
410 1140 726 1188 commemoravi,
764 1139 812 1177 de
844 1139 1001 1177 fluendo
1034 1140 1190 1178 verbum
1224 1141 1362 1178 dicitur
1394 1139 1430 1177 A
1455 1144 1533 1178 :5023

51 1222 111 1248 ⁴-=
133 1217 167 1244 π
188 1209 268 1246 441
303 1199 415 1255 αἶψά
444 1218 514 1243 τοι
545 1198 650 1256 αἷμα
681 1197 890 1244 κελαινὸν
920 1201 1097 1258 ἐρωήσει
1131 1204 1229 1257 περὶ
1262 1204 1433 1257 doe-(alst)

175 1286 355 1325 Dubitari
387 1289 526 1337 potest,
559 1287 622 1324 ubi
656 1287 872 1337 composita
904 1281 1095 1336 ἐξερωέω
1128 1291 1165 1326 et
1189 1276 1394 1337 {vm-postu„
1418 1288 1535 1325 coilo-

60 1353 189 1393 eanda
220 1355 309 1393 sint.

96 1417 99 1419 ’
173 1417 404 1473 ἐξερωέω
457 1421 498 1461 Ψ
525 1425 606 1462 468
643 1417 687 1459 αἱ
725 1412 762 1460 δ’
790 1416 1041 1474 ἐξηρώησαν
1084 1423 1131 1461 de
1173 1423 1346 1473 equabus
1388 1423 1534 1461 Eumeli

61 1492 207 1530 dictum
239 1493 307 1529 est.
368 1491 442 1528 Hic
473 1489 606 1529 facere
637 1503 714 1528 non
747 1503 965 1541 possumus,
997 1492 1089 1540 quin
1122 1491 1264 1529 eisdem
1294 1491 1424 1528 verbis
1452 1503 1537 1528 sen-

62 1571 147 1598 sum
186 1559 303 1597 huius
335 1556 528 1597 enuntiati
565 1558 931 1597 circumscribamus
967 1559 1108 1608 quibus
1140 1559 1260 1596 schol.
1283 1560 1312 1596 B
1345 1551 1426 1605 ἔξω
1457 1555 1536 1594 τοῦ

63 1618 230 1678 δρόμου
262 1616 471 1678 ὥρμησαν
503 1630 541 1665 et
572 1628 681 1665 Eust.
707 1630 823 1677 1309,
846 1631 896 1666 33
928 1619 1051 1671 ἐκτὸς
1082 1617 1289 1677 ὥρμησαν
1319 1624 1395 1675 τῆς
1416 1614 1538 1669 ὁδοῦ,

64 1697 102 1734 in
146 1696 290 1746 quibus
339 1699 503 1734 cunctae
552 1697 814 1734 recentiorum
859 1696 1200 1745 interpretationes
1249 1698 1339 1732 sunt
1381 1695 1539 1742 positae.

64 1765 228 1802 Praeter
269 1764 376 1802 hunc
416 1764 576 1802 Homeri
621 1765 747 1802 locum
795 1758 989 1813 ἐξερωέω
1032 1763 1151 1801 semel
1192 1761 1458 1800 tantummodo
1503 1761 1539 1798 in

64 1832 204 1870 litteris
226 1831 386 1871 Graecis
413 1832 582 1870 recurrit
602 1832 641 1869 in
663 1831 828 1869 Theocr.
847 1834 912 1880 25,
932 1833 1007 1869 189
1037 1821 1093 1874 ὣς
1116 1823 1252 1867 εἰπών
1277 1825 1430 1879 μέσσης
1452 1823 1542 1878 ἔξη-

66 1892 207 1951 ρώησε
224 1892 444 1937 κελεύθου
465 1895 468 1950 l
491 1892 674 1946 Φυλεύς,
702 1900 767 1937 ubi
791 1893 986 1949 ἑξερωέω
1008 1898 1172 1936 eundem
1195 1898 1356 1946 praebet
1377 1908 1543 1934 sonsum.

180 1967 434 2029 ὖπερωέω
478 1977 513 2016 Θ
538 1981 615 2017 122
646 1993 697 2008 z
728 1981 808 2017 314
836 1993 887 2007 z
914 1977 946 2014 O
968 1979 1046 2015 452
1084 1967 1209 2026 ἤριπε
1250 1965 1291 2012 δ’
1314 1970 1358 2023 ἐξ
1395 1964 1545 2023 ὀχέων,

67 2035 332 2098 ὑπερώησαν
355 2043 402 2084 δέ
422 2044 464 2084 οἱ
486 2041 628 2084 ἵπποι.
670 2047 743 2097 Ap.
766 2047 860 2083 Lex.
886 2048 975 2095 159,
997 2047 1020 2083 8
1044 2045 1202 2082 verbum
1227 2043 1354 2081 reddit
1379 2031 1543 2091 ὑπεχώ-

69 2122 222 2166 ρησαν,
249 2127 351 2165 quae
381 2115 591 2165 explicatio
618 2115 666 2152 ab
693 2113 870 2152 omnibus
896 2113 1175 2161 interpretibus
1203 2110 1453 2160 comprobata
1480 2112 1549 2146 est.

183 2197 229 2234 In
260 2197 320 2234 his
352 2197 472 2246 igitur
504 2196 740 2246 compositis,
770 2197 812 2232 ut
842 2206 974 2232 eorum
1007 2192 1176 2231 notionis
1199 2192 1384 2240 originem
1417 2190 1547 2239 expla-

73 2276 221 2315 nemus,
252 2264 415 2303 verbum
439 2259 589 2315 ἐρωέω
619 2263 723 2302 haud
746 2275 859 2301 secus
887 2274 933 2300 ac
955 2273 1094 2299 nomen
1119 2252 1233 2310 ἐρωή
1266 2258 1549 2308 generaliorem

73 2331 270 2370 notionem
302 2332 475 2370 cuiusvis
497 2330 739 2370 vehementis
760 2332 888 2368 motus
918 2329 1118 2378 accepisse
1150 2326 1332 2364 arbitrari
1364 2325 1551 2374 cogimur.

185 2423 244 2458 11.
297 2417 485 2473 ἓρωέω
536 2421 694 2471 proprie
740 2419 935 2469 signifieat
984 2419 1227 2468 „quiescere,
1274 2427 1445 2463 cessare,
1491 2413 1554 2451 de-

75 2489 255 2529 siste1·e“.
315 2490 403 2538 Qua
439 2489 723 2539 significatione
764 2499 898 2526 omnes
936 2487 1041 2525 locos
1081 2485 1129 2523 ad
1165 2484 1240 2522 hoe
1273 2484 1436 2521 alterum
1468 2494 1554 2520 ver-

77 2557 169 2596 bum
202 2552 349 2608 ὲρωέω
389 2558 636 2607 pertinentes
675 2555 818 2604 optime
855 2553 1103 2602 interpretari
1141 2562 1358 2601 possumus.
1419 2551 1553 2597 ltaque

79 2637 157 2662 non
177 2636 337 2674 egemus
359 2624 684 2673 interpretatione
703 2621 956 2671 plurimorum
980 2618 1360 2667 lexicographorum,
1383 2616 1447 2664 qui
1471 2627 1555 2652 ver-

80 2689 205 2730 tentes
243 2691 423 2741 „recedo,
450 2688 741 2740 retrogredior“
768 2688 1005 2726 scholiorum
1034 2685 1263 2724 sententiam
1293 2682 1557 2720 reddiderunt.

203 2823 230 2866 ¹)
270 2822 341 2856 Pro
366 2833 422 2855 ’τοι
449 2832 476 2856 π
495 2823 554 2855 441
585 2817 619 2854 oi
643 2819 786 2862 legitur.
