1815 3231
1483 240 1532 272 0¹.ae

650 326 691 368 ⁶2.
734 342 791 368 πί-
805 327 953 381 Ruga).

169 395 348 453 πελάζω
378 404 715 447 denominativum
748 414 806 449 est
837 413 883 450 ab
912 427 957 452 ea
978 417 1108 466 stirpc,
1140 432 1188 468 qu
1195 433 1237 458 u,
1272 422 1369 460 inest
1401 425 1436 461 in
1470 425 1532 461 ud-

58 469 193 508 verbio
214 467 349 513 πέλας
380 471 607 526 („prope“),
642 478 788 526 pariter
819 493 863 517 a(
895 477 1076 531 πικιὲζω
1113 487 1159 523 ib
1191 501 1234 525 (a
1267 491 1396 539 ΒΗΓ-,μα
1434 505 1532 540 quau

58 537 158 576 inest
188 539 226 576 in
257 539 446 579 adverbio
468 533 602 590 πύκα,
636 547 842 594 repetitum
868 562 914 587 ex
937 563 972 588 a.
976 564 998 588 1·
1002 552 1119 601 [logia
1143 555 1304 594 aliorum
1330 571 1373 594 w
1368 558 1531 596 ··1l›‹›run1

56 604 94 643 in
126 598 233 656 -άζω
265 607 540 658 desinentium,
572 624 673 660 quae
706 614 777 651 iam
812 620 923 654 erant
955 619 1067 657 1i‹·t.2.¹
1076 623 1086 665 j

170 675 353 714 Foltasse
387 675 530 716 dixerit
562 680 756 730 quispiam
795 683 844 720 ad
877 685 1155 726 sublevan‹]·un
1189 704 1269 728 cani
1303 694 1532 740 opinionmn,

57 753 103 779 ex
144 754 223 792 qua
260 743 421 783 verbum
466 746 647 795 primitus
687 749 974 791 intransitivum
1015 759 1088 804 cst,
1130 757 1165 793 id
1204 759 1349 807 aliquid
1391 762 1531 799 habere

57 811 253 860 momenti,
283 811 388 860 quod
422 815 627 852 transitiva
659 817 764 855 notio
796 821 957 868 propius
979 823 1208 862 admovendi
1243 840 1316 864 non
1340 829 1534 867 invenitur

55 877 127 915 nisi
161 878 265 927 apud
296 883 443 929 poetas,
482 881 732 922 intransitiva
764 890 902 925 contra
934 891 1037 928 notio
1068 895 1409 943 appropinquandi
1447 909 1530 933 vum

56 945 162 994 apud
194 949 331 996 poetas
361 951 441 986 tum
474 951 579 998 apud
602 964 743 1000 prosae
766 956 952 994 orationis
975 959 1194 1007 scriptores,
1228 966 1268 999 ut
1293 964 1532 1001 Herodotum

56 1016 93 1052 et
123 1014 336 1054 Platonem.
396 1016 472 1055 Sed
506 1019 669 1068 cogitari
702 1024 833 1070 potest
870 1026 1122 1075 principalem
1158 1030 1349 1067 notionem
1389 1045 1407 1068 c
1440 1034 1531 1069 vcti-

56 1081 171 1120 diano
202 1095 381 1123 sermone
413 1086 545 1136 itaque
579 1100 598 1125 e
631 1101 748 1137 prosa
780 1092 955 1130 orat-ione
986 1095 1171 1142 paulatim
1205 1099 1419 1136 evanuisse.

169 1152 284 1200 Apud
307 1153 519 1192 Homerum
543 1156 699 1205 quidem
726 1160 929 1197 transitiva
953 1162 1011 1199 vel
1035 1166 1231 1202 causativa
1254 1167 1357 1204 notio
1381 1173 1531 1217 regnat.

28 1227 157 1268 'vquae
187 1220 319 1259 tricies
351 1222 562 1271 quinquies
593 1224 749 1274 legitur.

169 1288 422 1328 Intransitiva
445 1303 537 1329 vero
559 1293 618 1330 vis
650 1293 799 1343 scripta
825 1296 969 1345 legitur
997 1298 1052 1335 bis
1075 1301 1342 1339 tantummodo
1374 1302 1418 1338 ill
1444 1307 1516 1342 112

54 1365 82 1404 μ
104 1356 169 1393 41.

653 1423 694 1466 3
739 1418 940 1478 ἇιιάζω.

168 1503 254 1541 Hoc
276 1503 437 1542 verbum
472 1508 531 1543 est
562 1506 907 1559 denominativum,
938 1512 1042 1560 quod
1067 1512 1212 1563 dicunt,
1245 1527 1264 1551 a
1287 1515 1528 1554 substantivo

56 1559 159 1607 ἁνία
189 1573 412 1621 repetitum.
472 1573 642 1623 Curtius,
675 1577 752 1614 ΕΠ)
775 1580 865 1623 546,
899 1576 1084 1617 Vanhek.
1107 1581 1134 1629 Ι,
1157 1583 1220 1631 2-,38
1262 1582 1461 1632 Iickst‘Il,
1485 1588 1537 1622 20

56 1638 130 1677 hoc
162 1651 302 1678 nomen
337 1630 437 1678 ἀνία
475 1641 523 1679 ad
557 1643 728 1681 radicem
767 1645 973 1696 reducunt,
1010 1649 1119 1685 cuius
1151 1649 1311 1698 primam
1345 1652 1534 1699 significa

55 1706 201 1745 tionem
233 1711 411 1747 statuunt
446 1709 599 1755 „krank
632 1711 739 1749 sein“
815 1713 1056 1763 Benfeyus2)
1089 1720 1216 1754 autem
1256 1719 1390 1755 statuit
1421 1720 1535 1767 signi—

56 1773 276 1814 ficationem
321 1777 520 1827 „lechzen‚
557 1779 655 1816 nach
689 1779 782 1818 Luft
818 1781 1085 1833 scllnappell“,
1122 1797 1166 1822 ex
1200 1797 1275 1833 qua
1312 1787 1416 1823 notio
1453 1800 1531 1831 „cr-

56 1843 215 1894 scho'pst
245 1844 351 1883 sein“
388 1845 502 1884 facile
524 1847 735 1896 provenire
763 1849 902 1898 potuit.
962 1850 1085 1897 Quam
1119 1853 1383 1891 transitionem
1417 1855 1533 1903 signi-

56 1910 282 1950 ficationum
314 1912 420 1951 facili
450 1915 607 1964 negotio
639 1914 720 1953 fieri
755 1928 870 1965 posse
907 1917 950 1955 L.
981 1917 1201 1968 Meyerus³³)
1240 1919 1381 1958 frustra
1423 1934 1535 1958 cona-

58 1981 122 2017 tur
154 1991 312 2029 negare.

169 2047 338 2095 Fulda4)
372 2039 536 2098 ἅιίάζω
568 2052 726 2100 proprie
758 2052 1032 2102 principioque
1063 2053 1110 2091 de
1139 2056 1314 2103 corporis
1344 2056 1531 2104 languore

58 2113 202 2153 dictum
233 2128 331 2167 esse,
362 2117 468 2167 apud
492 2119 703 2157 Homerum
726 2132 819 2157 vero
853 2122 1047 2169 propriam
1078 2122 1395 2169 significationem
1429 2124 1533 2160 illam

58 2182 96 2219 in
129 2183 329 2222 notionem
367 2186 484 2223 animi
524 2186 728 2235 languoris
766 2188 951 2225 transisse
987 2188 1209 2226 arbitratur.
1268 2190 1319 2227 At
1357 2190 1534 2238 equidem

56 2262 134 2288 non
178 2251 414 2290 crediderim
458 2253 637 2292 omnibus
676 2255 771 2292 locis
812 2256 1031 2293 Homericis
1074 2257 1173 2294 hanc
1214 2256 1532 2305 significationem

5 2330 8 2334 ·
56 2319 174 2356 animi
204 2319 408 2369 languoris
445 2322 735 2370 agnoscendam
773 2334 871 2371 esse,
908 2324 1136 2373 praesertim
1177 2336 1276 2372 cum,
1312 2324 1343 2361 si
1377 2324 1424 2362 de
1457 2324 1535 2361 lan—

57 2398 182 2435 guore
214 2399 342 2426 sermo
364 2391 439 2438 est,
469 2389 502 2427 is
534 2401 726 2439 persaepe
759 2392 796 2427 et
827 2391 1003 2439 corporis
1036 2393 1073 2428 et
1102 2391 1218 2428 animi
1251 2391 1417 2440 languor
1449 2404 1534 2429 esse

58 2454 193 2493 soleat.
253 2455 366 2503 Quae
397 2456 499 2495 duae
529 2460 661 2506 partes
693 2458 857 2495 hominis
888 2461 966 2495 tam
999 2462 1164 2507 anguste
1195 2458 1296 2496 inter
1327 2471 1365 2496 se
1397 2459 1532 2496 cohae-

58 2524 158 2572 rent,
188 2525 231 2561 ut
252 2523 355 2562 inter
375 2536 416 2562 se
438 2528 621 2564 accurate
644 2529 842 2574 nequeant
862 2525 1042 2563 discerni.
1102 2526 1280 2564 Ceterum
1313 2527 1350 2563 iu
1382 2526 1531 2563 Fuldac

172 2632 199 2671 ¹)
233 2629 288 2664 Cf.
314 2630 504 2666 Pfordten.
531 2643 565 2676 p.
586 2635 646 2676 923
679 2632 791 2675 Curt.,
816 2631 944 2666 Vel-by
970 2631 996 2674 Ι,
1016 2635 1090 2667 345.

169 2687 200 2727 2)
233 2685 400 2721 Sanscrit
416 2687 505 2722 WB.
530 2689 557 2732 I,
576 2691 650 2723 341.

169 2742 198 2786 ³)
231 2741 269 2776 Is
294 2742 340 2776 de
364 2753 453 2778 voce
480 2738 566 2778 ἀνία
598 2748 634 2778 et
659 2743 703 2778 de
730 2743 918 2778 vocabulis
949 2744 994 2777 ab
1021 2743 1087 2777 hoc
1113 2743 1255 2777 nomine
1281 2742 1443 2786 repetitis
1474 2752 1543 2776 ex-

56 2795 228 2840 plicatius
254 2798 299 2833 K.
316 2797 351 2834 Z.
377 2798 478 2843 XVI,
500 2802 586 2835 1—8
613 2800 701 2844 egit.

171 2856 200 2895 4)
231 2854 253 2890 l.
271 2854 294 2889 l.
319 2866 353 2899 p.
372 2858 434 2890 207
447 2865 501 2900 sq.
