1815 3231
1419 228 1427 260 1
1441 228 1490 258 μζ.)

24 316 60 354 in
95 318 316 356 memoriam
356 331 518 358 revocas
551 334 607 370 en,
644 336 743 371 quiae
774 327 876 374 apud
913 329 1104 366 polim-vm
1138 335 1171 368 vt
1208 333 1408 370 Avliannm
1445 336 1490 370 lc·-

22 388 169 433 guntur
199 384 248 423 de
279 386 498 425 differentia
521 401 672 439 vocum,
703 395 947 441 cognationis
979 397 1131 434 vim-ulo
1170 401 1375 438 coniuncta
1408 415 1489 437 esse·

22 464 107 490 cum
132 457 366 503 argumento
388 457 638 505 tractatuum,
669 461 709 495 ut
740 460 784 496 :id
811 462 973 498 cundem
999 464 1140 501 sontem
1176 467 1301 503 omnia
1330 468 1487 506 rech-:int

22 531 185 558 necesse
221 521 281 570 sit,
318 521 481 560 credere
521 536 591 571 par
628 528 686 562 cst
727 527 963 566 Zenodctum
1005 531 1265 570 l’liiletacruin
1308 540 1370 572 :int
1415 537 1490 572 col-

23 587 229 626 lectionem
271 601 412 627 vocum
461 590 697 642 confecisse,
743 607 856 642 quam
900 597 1035 634 Pollux
1086 603 1121 635 ct
1164 601 1347 639 Aelianus
1393 615 1490 640 eoni-

22 654 246 704 pilaverint,
295 659 362 694 aut
413 657 551 696 librum
603 661 734 698 nescio
783 663 892 700 cuius
945 677 1067 713 aeque
1118 680 1159 702 :11-
1210 669 1405 706 l'ollucvm
1454 676 1487 706 vt

22 723 230 761 Aelianum
263 725 533 775 exscripsisse,
576 728 676 765 unde
716 728 857 766 factum
898 732 958 778 sit,
999 736 1040 769 nt
1079 736 1312 772 tractatuum
1357 743 1491 774 nin-lor

21 790 320 839 perhibeatur.¹)

137 858 318 897 Ceterum
357 860 393 898 in
426 863 600 910 genuina
631 863 817 901 Zenodoti
849 867 1052 904 verborum
1086 868 1207 906 forma
1243 871 1492 919 restituenda,

21 926 59 964 in
106 926 190 964 libri
238 926 497 977 dispositione
542 930 776 979 indaganda,
825 934 859 970 in
909 935 1205 983 explicatirmnm
1253 940 1491 985 auctoritate,

21 997 209 1043 quantum
247 995 329 1033 fieri
367 999 514 1046 potest,
550 998 805 1046 ponderanda
849 1014 1004 1049 operam
1051 1004 1243 1041 collocare
1289 1007 1491 1048 noluimus.

23 1073 108 1099 cum
142 1062 239 1101 haec
269 1065 431 1102 materia
462 1065 620 1103 uberior
650 1068 699 1104 sit
729 1080 843 1116 quam
876 1072 918 1106 ut
949 1083 1023 1107 non
1058 1071 1151 1108 lines
1184 1076 1335 1110 nostrae
1362 1073 1490 1121 dispu-

21 1130 182 1169 tationis
213 1132 387 1170 excedat.
447 1133 634 1172 Zenodoti
672 1138 799 1173 antcm
839 1137 1046 1175 l'hiletacri
1086 1138 1264 1176 librorum
1305 1141 1489 1189 reliquiae

20 1202 180 1253 praeter
219 1202 598 1251 commentationem,
640 1203 687 1241 de
725 1216 802 1252 qua
843 1204 1019 1254 diximus,
1059 1210 1233 1244 servatae
1275 1221 1349 1245 non
1391 1213 1491 1255 suut,

22 1279 138 1316 quam
171 1268 221 1306 ob
252 1280 331 1306 rem
370 1269 467 1306 nihil
505 1270 648 1318 obstat,
688 1273 894 1320 quominus
936 1274 1018 1310 eius
1059 1273 1270 1311 doctrinam
1312 1281 1491 1312 accurat(-

22 1337 192 1374 tractare
214 1337 446 1375 omittamus.
506 1338 606 1376 Satis
628 1338 751 1377 habeo
783 1341 965 1377 statuisse
996 1341 1231 1378 Zenodotum
1258 1342 1491 1379 Philetae-

22 1415 118 1441 rum
157 1403 313 1454 librum,
350 1405 417 1454 qui
453 1407 647 1455 spectavit
683 1407 730 1444 ad
769 1419 885 1445 voces
921 1407 1092 1445 diversas
1128 1409 1386 1446 illustrandas.
1427 1414 1491 1446 ant

23 1472 305 1521 conscripsisse
337 1476 406 1510 aut
435 1474 676 1523 compilasse,
708 1482 749 1512 ut
780 1476 963 1513 memoria
992 1475 1175 1513 Zenodoti
1201 1474 1395 1525 Epliesii²l
1428 1481 1491 1513 aut

22 1540 280 1578 Alexandrini
312 1544 380 1579 aut
410 1540 637 1588 Mallotae3)
668 1542 839 1581 arcenda
869 1544 926 1581 sit.

136 1619 346 1669 Reliquum
379 1624 449 1669 est,
480 1624 523 1659 ut
553 1621 601 1659 de
633 1621 862 1671 fragmentis
894 1622 1216 1671 quattuordecim,
1247 1635 1346 1671 quac
1377 1623 1493 1660 cho-

23 1686 104 1725 doti
135 1688 292 1726 nomine
323 1691 459 1727 notata
490 1693 581 1727 sunt
616 1689 653 1727 in
686 1689 942 1738 Etymologici
975 1690 1140 1727 editione
1173 1689 1492 1727 Gaiss01·diaua⁴i.

137 1819 165 1859 ¹)
200 1817 376 1852 Zenodoti
408 1819 568 1853 auctoris
600 1829 729 1853 nomen
765 1819 810 1853 ab
844 1818 987 1851 homine
1020 1818 1139 1861 aliquo
1174 1818 1374 1861 Byzantino
1408 1818 1491 1859 fingi

23 1874 190 1918 potuisse
208 1885 281 1909 non
298 1884 411 1918 nego:
435 1875 501 1909 sed
518 1884 629 1909 eausa
652 1885 716 1909 cur
733 1874 801 1909 hoc
818 1878 1019 1908 statuamus
1045 1884 1115 1907 non
1137 1879 1265 1907 exstat.
1306 1874 1491 1907 Praeterea

24 1930 92 1965 hoc
117 1931 361 1975 reputandum
387 1935 462 1966 est:
488 1942 568 1966 cum
593 1931 646 1965 illi
671 1932 831 1975 quinque
856 1935 1043 1972 tractatus,
1069 1931 1129 1974 qui
1156 1930 1329 1963 Zenodoti
1349 1930 1493 1962 nominc

24 1991 110 2021 sunt
133 1987 312 2031 insigniti,
342 1987 486 2022 minime
510 1992 656 2031 praeter
680 1991 819 2021 ceteros
844 1986 1038 2020 artioribus
1064 1985 1346 2019 necessitudinis
1373 1985 1492 2018 vinc-u?

23 2043 68 2078 lis
94 2044 169 2077 sint
189 2043 386 2086 coniuncti,
410 2043 446 2077 in
467 2043 511 2078 iis
537 2044 731 2087 excerptis,
759 2042 854 2076 unde
880 2046 1056 2076 tractatus
1083 2043 1143 2084 qui
1161 2045 1313 2074 aetatem
1335 2041 1493 2074 tulerunt

24 2109 148 2134 omncs
167 2099 362 2143 fluxerunt,
386 2100 409 2134 i.
427 2110 457 2135 e.
475 2101 508 2134 in
526 2100 725 2144 archetypo
742 2099 832 2134 satis
849 2099 1009 2142 antiquo,
1035 2097 1208 2131 Zenodoti
1227 2106 1352 2130 nomen
1383 2097 1492 2139 scrip-

24 2159 100 2190 tum
126 2156 242 2192 fuisse
267 2161 325 2192 est
349 2157 607 2192 arbitrandum.

137 2215 165 2254 2)
198 2212 257 2248 Sic
276 2213 405 2248 statuit
422 2212 524 2248 Wolf
539 2213 559 2247 l.
577 2223 606 2248 c.
630 2223 663 2256 p.
683 2215 745 2246 215
770 2211 852 2246 adn.
870 2214 927 2252 843
952 2214 1139 2254 praeterea
1155 2209 1200 2243 de
1218 2208 1377 2252 Ephesio
1399 2208 1492 2249 cogi-

24 2272 197 2305 taverunt
213 2270 442 2305 Studemund
460 2271 481 2304 1.
500 2280 528 2305 c.
547 2281 582 2314 p.
600 2273 677 2313 1023
702 2268 822 2304 Christ
840 2268 861 2301 l.
879 2278 907 2301 c.
925 2278 958 2310 p.
978 2270 1040 2300 446
1061 2266 1139 2299 adn.
1160 2269 1189 2305 2,
1213 2265 1274 2308 qui
1300 2274 1340 2298 ex
1361 2264 1493 2306 glossis

8 2325 243 2361 “Zenodoteis
268 2326 443 2370 reliquias
473 2326 647 2370 originem
674 2324 820 2359 duxisse
852 2322 1050 2364 contendit,
1084 2321 1147 2355 sed
1173 2321 1306 2355 erravit
1331 2324 1493 2363 uterque.

25 2383 113 2417 Nam
131 2386 173 2417 ut
189 2393 263 2418 non
280 2383 443 2418 dicamus
467 2383 512 2417 de
530 2392 571 2417 ea
587 2392 636 2424 re,
662 2381 760 2425 quod
784 2384 936 2424 uterque
953 2378 1041 2413 illud
1063 2375 1288 2421 Φιλεταίρου
1311 2376 1416 2419 plane
1435 2385 1494 2409 ne-

25 2439 152 2483 glexit,
176 2439 317 2484 fugisse
342 2439 489 2474 videtur
519 2439 585 2473 hos
610 2438 707 2472 viros
732 2437 859 2471 doctos
892 2435 1010 2469 afferri
1043 2435 1077 2468 in
1104 2433 1329 2474 tractatibus,
1361 2431 1422 2474 qui
1448 2431 1494 2464 le-

26 2499 163 2539 guntur
186 2495 223 2530 in
248 2495 354 2530 codd.
374 2495 481 2530 Voss.
498 2495 566 2529 IV⁰
584 2498 636 2537 76,
666 2494 740 2528 Pal.
758 2496 810 2536 45,
841 2492 986 2525 Taurin.
1005 2490 1033 2524 B
1054 2489 1117 2522 VH
1137 2493 1176 2522 20
1203 2487 1262 2522 fol.
1282 2491 1355 2529 Sor,
1391 2487 1495 2521 Calli-

1 2574 2 2579 =
25 2552 143 2587 machi
163 2552 422 2587 testimonium.
472 2552 598 2596 Neque
616 2555 733 2585 tamen
750 2548 946 2583 verisimile
965 2551 1021 2580 est
1044 2545 1266 2580 Zenodotum
1287 2543 1495 2586 Ephesium,

27 2610 88 2654 qui
112 2610 301 2653 aliquanto
325 2609 492 2653 superior
516 2608 586 2642 fuit
611 2605 838 2647 Callimach0‚
864 2603 909 2637 ad
928 2601 1228 2636 consuetudinem
1247 2599 1389 2633 dicendi
1416 2598 1494 2658 illu.⁶

27 2666 213 2700 strandam
239 2665 337 2700 hunc
360 2668 493 2700 testem
518 2662 765 2708 proposuisse.
806 2661 994 2694 Praeterea
1019 2655 1064 2691 cf.
1083 2656 1278 2694 Duentze1·‚
1303 2653 1452 2687 Jahrbb.
1472 2656 1496 2685 1.

26 2711 247 2756 Ρὴῑιζιχν
270 2733 305 2766 p.
326 2724 399 2756 125.
953 2768 957 2769 ⁷

140 2778 169 2816 3)
201 2777 324 2820 Meier,
349 2777 498 2818 Quaest.
515 2774 662 2810 Andoc.
683 2773 743 2817 VI,
761 2776 778 2806 2
805 2782 838 2815 p.
856 2770 909 2813 X;
942 2770 1065 2803 Osann
1090 2768 1110 2801 l.
1130 2777 1157 2801 c.
1182 2765 1198 2799 I
1223 2777 1257 2808 p.
1279 2768 1326 2798 15.
1421 2822 1432 2828 .
1465 2822 1480 2827 —

139 2837 168 2876 ⁴)
199 2844 307 2879 pagg.
325 2837 378 2876 94,
397 2836 450 2867 24.
480 2836 550 2875 134,
569 2835 619 2866 52.
648 2833 764 2867 225.7.
791 2830 865 2869 253,
883 2830 911 2860 ε).
939 2827 1012 2865 271,
1031 2826 1080 2857 23.
1108 2824 1248 2863 431,st
1274 2823 1392 2860 4621.
1419 2824 1496 2856 am,

118 2905 209 2936 Diss.
228 2904 307 2935 Hal.
332 2903 396 2934 XI.
1262 2889 1297 2919 13
