1815 3231
1462 152 1542 188 249

288 256 340 300 τὸ
373 254 410 299 (5³
433 256 610 313 ἔναγχος
641 274 720 312 ουχ
754 252 943 308 ἅπαντες
974 267 1093 313 ημιῐς
1125 253 1328 312 (ῧμνιχιιιν

290 321 470 368 τάλαντ’
493 326 669 369 ἔσεσθαι
699 324 968 368 πεντακόσια
998 328 1049 379 τῇ
1079 324 1209 368 πόλει

289 397 365 448 τῆς
392 396 745 449 τετταρακοστῆς
772 388 841 448 ἣν,
871 389 1037 448 ἐπόρισ”
1060 388 1320 449 Ιιίἷριπίὸης,·

59 479 293 517 scholiastes
327 479 506 517 adnotat:
539 466 672 524 οὗτος
704 473 863 528 ἔγραψε
895 470 1249 529 τεσσαρακοστὴν
1281 474 1541 529 εἰσενεγκεῖν

62 537 149 584 ἀπὸ
190 544 269 596 τῆς
310 537 460 591 οὐσίας
501 542 560 591 εἰς
597 539 649 583 τὸ
691 539 858 591 κοινόν,
903 559 1004 595 qnae
1044 547 1164 584 verba
1205 559 1290 583 cum
1330 559 1456 595 neque
1495 547 1542 585 de

60 614 247 664 Euripide
279 615 490 663 quicquam
524 613 730 663 addiderit,
762 617 804 652 ut
833 614 990 651 omnino
1022 614 1180 652 dubium
1211 614 1270 662 sit,
1303 615 1367 662 qui
1400 615 1461 652 hic
1488 615 1543 652 in-

58 682 277 731 tellegatur,
296 694 423 731 neque
436 682 592 719 omnino
611 694 691 719 rem
706 682 927 719 accuratius
941 681 1122 719 videatur
1137 682 1330 731 cognitam
1346 682 1543 731 habuisse,

62 750 242 800 equidem
277 750 371 788 nihil
403 750 507 787 aliud
540 753 635 799 puto
669 761 755 787 esse
787 750 858 787 nisi
892 749 1123 787 scholiastae
1152 750 1542 798 interpretamentum

60 831 80 856 e
109 821 249 867 poetae
276 818 398 866 ipsius
420 818 550 855 verbis
587 818 778 854 haustum.
840 818 898 854 De
932 830 971 854 re
1005 818 1088 866 ipsa
1120 817 1166 853 ef.
1196 816 1432 867 Boeekhius,
1465 819 1544 855 Der

61 885 377 924 Staatshaushalt
405 885 440 922 d.
462 883 658 922 Athener3
689 885 704 922 1
736 897 852 933 pagg.
875 888 964 923 577.
991 887 1082 923 589.
1105 887 1183 923 606
1217 897 1303 922 eum
1335 885 1424 922 adn.
1445 887 1543 934 8253

60 953 270 1003 Belgkius,
302 954 516 992 Comment.
549 953 598 991 de
629 953 713 991 rell.
746 965 842 990 eom.
868 953 984 1001 attio„
1016 965 1103 1001 pag.
1126 955 1176 991 85
1210 952 1315 996 adn.;
1347 952 1544 1002 Goetzius,

61 1023 146 1060 Act.
168 1022 301 1060 societ.
324 1022 418 1071 phil.
441 1022 547 1070 Lips.
576 1022 625 1068 II,
648 1023 739 1059 345.
799 1020 904 1057 Idem
939 1020 1045 1069 quod
1079 1020 1222 1058 dehoc
1251 1021 1398 1058 scholio
1431 1021 1546 1069 valet,

61 1090 167 1128 valet
188 1090 237 1128 de
259 1090 405 1128 scholio
430 1089 623 1137 Didymeo
655 1088 752 1126 Ach.
777 1091 872 1127 160:
904 1080 1332 1125 καταπελτάσονται·
1366 1109 1419 1112 ——
1439 1108 1494 1113 ——
1515 1078 1542 1137 ἢ

59 1155 467 1208 καταδραμοῦνται·
509 1152 645 1208 πέλτη
687 1147 768 1206 γὰρ
807 1147 933 1201 ἀσπὶς
972 1149 1104 1206 μικρὰ
1145 1156 1365 1205 (hueusque
1401 1154 1449 1201 R)
1486 1149 1542 1206 μὴ

66 1220 223 1276 ἔχουσα
254 1218 424 1276 ἱμάντα.
467 1219 621 1274 ἐχθροὶ
654 1219 699 1261 δὲ
729 1211 839 1273 ἦσαν
872 1218 913 1261 οἱ
944 1219 1140 1261 Βοιωτοὶ
1170 1228 1263 1267 τοῖς
1285 1213 1544 1274 Άθηιάίοις,

62 1306 298 1344 quamquam
331 1293 402 1331 has
433 1295 572 1343 gentes
602 1293 705 1330 inter
737 1304 777 1330 se
816 1292 991 1329 inimicas
1023 1292 1142 1329 fuisse
1179 1294 1344 1329 constat.
1402 1292 1541 1340 Neque

61 1362 173 1401 aliter
210 1374 272 1400 res
309 1364 534 1410 comparata
566 1363 625 1399 est
661 1361 700 1398 in
731 1361 853 1398 schol.
881 1360 977 1398 Ach.
1008 1363 1126 1407 1077,
1166 1359 1287 1397 schol.
1315 1359 1418 1397 Nub.
1447 1362 1544 1398 710:

61 1423 103 1467 οἱ
134 1425 394 1479 Κορίνθιοι·
438 1424 540 1474 ἴσως
576 1423 655 1477 μὲν
696 1419 764 1465 ὅτι
802 1417 898 1464 κατ’
921 1422 1092 1465 ἐκιῖνον
1128 1420 1209 1464 τὸν
1246 1417 1412 1476 χρόνον
1453 1421 1546 1463 ἐπέ-

62 1509 211 1535 κειντο
244 1486 395 1542 αὐτοῖς
426 1491 468 1534 οὶ
499 1492 736 1546 Κορίνθιοι
768 1494 874 1541 κτλ,
909 1508 1010 1545 quae
1032 1495 1163 1542 verba⁷
1195 1507 1279 1532 cum
1313 1507 1334 1531 a
1365 1494 1545 1544 Thucyd.

62 1567 128 1616 IV,
154 1567 320 1604 42—45
353 1565 540 1603 certiores
570 1563 707 1601 fiamus
746 1575 879 1601 mense
911 1564 1007 1601 Iulio
1036 1566 1116 1602 425
1155 1565 1292 1600 contra
1326 1562 1546 1600 Corinthios

63 1634 212 1683 proelio
244 1637 461 1683 pugnatum
490 1644 576 1671 esse
607 1632 655 1670 ab
678 1632 995 1677 Atheniensibus,
1027 1643 1158 1669 mense
1180 1630 1321 1667 Martio
1344 1632 1436 1675 4:23,
1468 1641 1546 1678 quo

61 1714 164 1740 anno
196 1701 331 1739 Nubes
363 1699 477 1738 docta
510 1703 579 1748 est,
611 1699 836 1738 Corinthios
869 1710 1078 1748 aggressos
1109 1710 1194 1735 esse
1226 1697 1421 1742 finitimos,
1457 1701 1548 1745 poe-

62 1772 126 1808 tae
156 1769 287 1822 verbis
325 1771 363 1807 et
401 1767 654 1818 explicationi
687 1767 923 1805 scholiastae
955 1766 1159 1814 debentur,
1197 1764 1302 1814 quod
1340 1765 1423 1814 ipse
1453 1765 1550 1802 indi-

63 1838 167 1875 cavit
201 1836 335 1875 addito
367 1836 558 1874 vocabulo
589 1830 703 1880 ἴσως.
766 1835 997 1884 Explicatur
1029 1835 1138 1872 locus
1175 1846 1197 1871 a
1227 1832 1381 1870 Koekio
1419 1833 1457 1870 in
1489 1832 1550 1870 ed.

63 1904 168 1942 Nub.
236 1904 418 1952 Denique
465 1903 529 1940 hic
575 1903 704 1940 statim
751 1903 912 1939 afferam
958 1901 1082 1939 schol.
1114 1900 1218 1938 Eecl.
1253 1901 1349 1945 356,
1392 1899 1456 1936 ubi
1498 1898 1546 1936 ad

64 1975 204 2021 poetae
236 1971 359 2009 verba
389 1969 705 2020 interpretanda:

942 2022 1024 2062 νῦν
1057 2019 1104 2061 δέ
1132 2034 1207 2073 μοι

257 2085 390 2145 ἀχράς
420 2106 485 2140 τις
516 2083 740 2144 ἐγκλῄσασ)
763 2086 846 2142 ἔχει
876 2082 930 2129 τὰ
957 2088 1084 2129 σίτια.

122 2163 200 2201 AL:
259 2160 356 2212 μῶν
384 2154 439 2211 ἣν
463 2153 777 2213 Θρασύβουλος
809 2152 931 2197 εἶπεν
961 2163 1053 2204 τοῖς
1074 2157 1375 2204 Λακωιίκοῖς;

69 2241 298 2280 scholiastes
329 2241 493 2279 adnotat
513 2240 627 2279 haec:
659 2228 792 2283 οὗτος
824 2231 1070 2287 α’ντιλέγειν
1098 2233 1272 2286 μέλλων
1301 2239 1394 2280 τοῖς
1420 2234 1549 2272 Λακε-

69 2304 311 2358 δαιμονίων
340 2304 546 2358 πρέσβεσι
581 2303 682 2356 περὶ
720 2301 930 2343 σπονδῶν
966 2295 1248 2355 ἐληλυθόσιν,
1290 2296 1382 2340 εἶτα
1414 2298 1550 2352 δωρο-

69 2370 261 2426 δοκήσας
293 2365 482 2426 ἆχράδας
511 2367 870 2426 προσεποιήσατο
909 2368 1177 2422 βεβρωκέναι
1215 2368 1289 2407 καὶ
1325 2363 1382 2420 μὴ
1421 2361 1551 2408 δένα-

67 2442 173 2481 σθαι
214 2439 366 2494 λέγειν,
409 2444 471 2481 eui
513 2442 727 2481 narrationi
770 2443 1014 2490 Droyse-nus,
1055 2439 1293 2489 Goetzius9)‚
1330 2439 1395 2476 alii
1435 2438 1549 2476 fidem

69 2512 302 2549 habuerunt.
361 2511 435 2550 Sed
458 2511 625 2560 primum
649 2509 807 2559 quidem
839 2509 869 2545 si
892 2509 970 2546 tale
993 2507 1085 2556 quid
1117 2506 1339 2556 significare
1360 2506 1551 2544 voluisset

69 2582 196 2629 poeta,
227 2591 305 2617 non
335 2578 390 2616 ita
418 2579 572 2616 loeutus
595 2582 708 2626 esset,
740 2580 781 2614 ut
803 2576 895 2613 feeit
925 2595 979 2599 —
1010 2579 1102 2613 ante
1124 2575 1253 2612 omnia
1284 2574 1386 2611 enim
1418 2573 1549 2610 dicere

70 2646 201 2684 debuit
230 2649 322 2690 τοῖς
344 2635 590 2695 Ἀθηναίοις
621 2657 699 2683 non
731 2648 823 2688 τοῖς
844 2641 1121 2687 Λακωνικοῖς
1151 2662 1218 2691 -,
1248 2640 1389 2678 deinde
1421 2643 1551 2678 autem

160 2779 191 2820 ⁹)
216 2774 272 2811 Cf.
290 2776 473 2820 Droysen,
490 2775 596 2811 Vers.
614 2785 774 2820 german.
793 2784 876 2818 pag.
896 2776 959 2807 365
977 2773 1078 2816 adn.;
1104 2771 1231 2806 Goetz.
1248 2771 1271 2805 l.
1290 2780 1319 2804 a.
1338 2780 1420 2814 pag.
1440 2773 1515 2804 346.

163 2846 255 2878 Diss.
273 2845 353 2878 Hal.
375 2845 439 2876 XI.
1313 2841 1351 2872 17
