1815 3231
1439 175 1518 210 279

42 284 148 335 θησι.
180 280 223 321 dl-
256 281 328 321 καὶ
355 276 406 321 τι)
430 277 570 335 ὄνομα
603 281 744 335 λέγων
776 276 918 331 οὕτως
949 282 1044 330 „zai
1072 277 1283 323 Σάδωκον
1313 279 1392 322 τὸν
1428 278 1522 321 υἱὸν

43 342 182 389 αὐτοῦ
224 342 502 403 ῘῘῖ)·ηναῑον“;
545 354 591 391 cf.
624 354 748 391 Thule.
780 354 829 402 11,
857 357 920 402 29,
950 357 985 391 5.
1053 354 1182 391 Habes
1220 353 1339 401 igitur
1379 354 1414 390 in
1454 353 1525 390 hoc

41 420 201 466 scholio,
233 422 343 458 cuius
366 421 532 458 maxima
555 434 646 470 pars
674 422 762 458 inde
785 434 806 458 a
829 422 958 459 verbis
987 419 1067 457 τοῦ
1089 412 1259 470 πατρός
1287 422 1308 458 l.
1334 424 1384 459 10
1415 421 1525 458 abest

42 500 65 525 a
86 488 118 525 R
150 489 198 530 (V
221 489 376 526 omnino
400 489 549 526 scholia
572 502 646 526 non
672 490 834 538 praebet
861 489 909 526 ad
935 489 1134 536 Achai-n),
1165 489 1213 526 (le
1237 489 1390 526 nomine
1415 488 1528 525 huius

42 555 208 592 hominis
240 559 318 593 tres
350 558 576 605 sententias,
609 558 770 606 primam
803 557 895 601 eius,
928 557 993 605 qui
1020 557 1160 594 Tei-cm
1192 570 1279 594 cum
1310 559 1437 604 vocat,
1468 557 1528 593 cui

43 624 249 672 oppositus
271 627 329 662 cst
361 625 392 661 is
424 625 488 673 qui
522 624 621 662 idem
655 625 687 661 ei
722 625 874 673 putavit
906 636 991 661 esse
1023 637 1159 661 nomen
1194 637 1240 661 ac
1272 624 1385 673 patri.
1445 624 1529 660 Hae

43 690 143 729 (luae
165 693 383 730 sententiae
415 705 499 730 cum
530 696 611 730 arte
638 693 740 730 inter
761 705 800 730 sc
824 694 1073 741 cohaereant,
1106 696 1147 730 ut
1178 693 1262 730 sine
1286 692 1405 730 dubio
1438 696 1530 730 tani-

43 772 160 808 quam
184 772 302 798 unum
326 761 517 799 scholium
547 762 636 799 olim
661 762 698 799 in
723 762 937 810 exemplari
962 761 1132 810 quodam
1165 762 1252 799 huic
1277 762 1363 800 loco
1386 761 1531 799 fuerint

41 826 280 876 adscriptae,
323 829 359 865 in
398 828 522 866 altero
562 829 659 866 libro
702 829 862 865 scholiis
899 832 1035 865 ornato
1073 828 1189 866 tertia
1227 829 1375 866 exstitit
1412 832 1449 866 et
1486 840 1531 865 ca

43 893 200 942 quidem
233 907 338 944 vera,
376 895 622 944 Thucydidis
660 896 893 933 auctoritate
933 896 1026 934 nisa.
1089 896 1168 933 Iam
1209 908 1295 933 cum
1333 897 1370 933 in
1411 908 1528 933 unum

43 974 188 1011 corpus
228 967 540 1011 congererentur
580 964 746 1009 scholia,
793 964 934 1001 collata
977 966 1067 1000 sunt
1111 963 1208 1000 haec
1250 963 1328 1001 duo
1373 962 1531 1001 scholia·

43 1030 118 1067 IIic
148 1031 277 1068 statim
302 1031 339 1068 in
363 1043 522 1068 censum
545 1032 653 1069 venit
681 1031 843 1068 alterum
873 1031 995 1068 schol.
1019 1031 1146 1080 liquit.
1171 1033 1263 1079 969,
1294 1043 1530 1080 quamquam

45 1098 275 1136 scholiastes
306 1119 360 1123 —
392 1111 479 1136 nam
512 1100 549 1136 in
572 1101 707 1137 vetere
731 1100 1010 1137 commentario
1034 1098 1201 1148 quodam
1235 1112 1311 1137 non
1336 1099 1532 1136 exstitisse

45 1165 118 1203 hoc
156 1166 348 1204 scholium
392 1167 446 1204 rei
488 1166 728 1216 perversitas
771 1166 885 1204 (locet
921 1187 972 1191 —
1012 1179 1088 1204 non
1129 1166 1252 1215 ipsius
1290 1165 1534 1214 Thucydidis

45 1235 173 1272 locum
206 1235 387 1284 inspexit,
424 1235 489 1272 scd
522 1236 648 1272 solum
689 1235 867 1284 quamvis
904 1235 1042 1272 leviter
1079 1236 1115 1272 in
1151 1235 1334 1272 memoria
1373 1234 1533 1271 tenebat

45 1315 147 1351 quae
179 1302 444 1352 adscripserat
480 1303 533 1340 illi
567 1303 650 1341 loco
690 1303 802 1340 modo
835 1306 1017 1340 tractato.
1075 1303 1207 1340 Habes
1244 1303 1345 1340 enim
1384 1302 1530 1339 scholia

45 1371 136 1408 tria:
167 1371 183 1408 I
214 1371 235 1408 l.
259 1374 437 1419 35-42,
467 1371 503 1408 ΙΙ
534 1383 556 1408 a
588 1372 716 1420 priore
747 1384 823 1408 non
857 1374 1081 1420 separatum
1115 1371 1336 1418 1.42-47,
1370 1370 1423 1407 ΙΙΙ
1457 1361 1530 1406 ἄλ-

48 1437 205 1483 λως-
226 1438 248 1475 l.
271 1441 336 1485 50,
374 1451 540 1487 quorum
580 1450 666 1475 cnm
700 1439 716 1476 Ι
748 1442 786 1475 et
817 1439 873 1475 111
914 1451 961 1475 ex
999 1437 1136 1476 codem
1170 1441 1303 1475 vetere
1343 1450 1533 1475 commcn-

45 1507 146 1544 tario
184 1506 326 1544 hausta
357 1507 434 1544 sint
475 1510 513 1543 ct
545 1507 685 1543 bonam
725 1506 940 1554 praebeant
971 1506 1280 1554 explicationem,
1317 1505 1531 1543 secundum

46 1575 101 1611 sic
132 1574 285 1623 ineptit:
325 1563 348 1611 ὁ
391 1569 469 1621 (δὲ)
508 1565 741 1625 Σμικύθης
783 1571 971 1625 Θρᾳκῶν
1013 1566 1234 1620 βασιλεύς·
1278 1566 1443 1622 Κύριον
1487 1568 1530 1609 ὀὶ

46 1630 145 1678 ἀντὶ
179 1639 260 1678 τοῦ
299 1634 450 1691 Κύρου
489 1640 580 1678 κτλ.
650 1643 706 1678 De
745 1641 846 1690 Cyro
888 1644 1025 1689 postea
1064 1641 1300 1683 videbinius3
1348 1653 1447 1689 quae
1485 1639 1533 1676 (1ο

47 1709 248 1758 Smicytha
279 1711 459 1758 exposita
491 1714 584 1747 sunt
615 1721 744 1757 neque
766 1708 814 1745 ad
841 1720 996 1746 sensum
1030 1712 1122 1757 apta
1144 1712 1246 1758 sunt,
1276 1707 1324 1745 dc
1347 1719 1424 1756 quo
1447 1707 1533 1744 vide

48 1776 189 1814 Kockii
222 1776 442 1822 editionem⁷
480 1788 608 1824 neque
647 1775 750 1824 apud
791 1776 912 1813 ullum
950 1779 1148 1812 auctorem
1189 1775 1455 1822 inveniuntur,
1494 1778 1536 1810 ut

51 1842 296 1890 Dobreeusss)
329 1843 525 1893 putaverit
557 1844 809 1881 scholiastam
843 1842 1007 1880 sortasse
1036 1843 1291 1891 Miltocythen
1325 1841 1534 1890 significari

49 1912 232 1960 voluisse,
264 1925 378 1961 quem
412 1912 631 1960 Xenophon
664 1911 786 1948 Anah.
814 1911 864 1959 11,
886 1913 921 1949 2.
945 1914 965 1948 7
1000 1910 1193 1948 hominem
1227 1910 1434 1955 Thracem,
1467 1908 1535 1946 du-

49 1992 130 2018 cem
160 1983 214 2019 40
242 1981 416 2029 equitum
455 1982 493 2017 et
532 1981 613 2018 300
641 1979 815 2028 peditum
854 1978 975 2016 fuisse
1015 1980 1157 2015 narrat.
1226 1979 1345 2015 Immo
1384 1989 1444 2014 res
1482 1977 1536 2013 sic

50 2059 91 2085 se
114 2047 244 2097 habet,
276 2051 318 2085 nt
348 2047 579 2085 scholiastes
611 2059 697 2084 cum
720 2045 874 2095 Sstalce,
905 2045 1101 2083 Thracum
1126 2057 1231 2094 rege,
1263 2045 1372 2082 cuius
1395 2056 1535 2082 nomen

49 2115 187 2152 leviter
208 2115 245 2152 in
269 2116 454 2153 memoria
476 2115 645 2163 tenebat,
668 2126 753 2151 eum
778 2113 1090 2157 commutaverit,
1119 2115 1162 2150 ut
1184 2113 1347 2150 Vossius
1376 2112 1413 2148 in
1437 2123 1537 2148 vers.

50 2195 226 2232 german.
258 2184 392 2231 utique
424 2182 522 2220 falso
560 2181 708 2229 feccrit,
747 2180 850 2230 quod
891 2180 1006 2217 ullam
1040 2180 1311 2217 auctoritatem
1349 2179 1539 2216 tribueret

50 2250 142 2288 huic
174 2250 339 2289 scholio.

165 2325 208 2379 2)
251 2329 379 2368 Schol.
411 2329 506 2366 Ach.
534 2331 624 2373 510,
662 2328 724 2365 ubi
757 2328 779 2365 1.
811 2329 985 2366 19—21
1022 2327 1207 2364 historica
1238 2328 1394 2363 exstant
1425 2325 1539 2363 haec:

51 2394 186 2433 τοῦτο
220 2392 265 2434 δὲ
297 2389 417 2434 εἶπεν
449 2389 596 2444 ἐπειδὴ
620 2386 725 2440 τοὺς
747 2388 929 2438 εἵλωτας
951 2389 1123 2438 οἰκέτας
1154 2389 1459 2436 καθεσθέντας
1491 2387 1537 2428 ἐν

52 2461 117 2514 τῷ
158 2458 261 2514 ἱερῷ
305 2462 386 2501 τοῦ
424 2459 703 2507 Ποσειδῶνος
739 2459 819 2498 τοῦ
866 2457 1096 2510 Ταιναρίου
1140 2450 1270 2497 οὐδὲν
1318 2456 1537 2503 δείσαντες

53 2530 143 2575 (scr.
164 2533 226 2575 ας)
260 2520 436 2568 ἀνεῖλον
458 2520 798 2579 Λακεδαιμόνιοι
832 2525 904 2564 καὶ
937 2521 1009 2564 διὰ
1037 2525 1175 2564 τοῦτο
1209 2522 1375 2577 ἐναγεῖς
1406 2513 1540 2576 ἦσανς

172 2684 200 2725 2)
233 2683 348 2716 Teres
373 2691 475 2724 avus,
510 2681 666 2715 Sitalces
692 2684 795 2724 pater
820 2678 899 2721 fuit,
933 2683 972 2712 nt
996 2688 1072 2712 eam
1099 2680 1144 2711 ol)
1172 2689 1314 2713 causam
1348 2678 1471 2722 nepoti
1505 2682 1541 2711 ct

56 2739 130 2773 filio
156 2738 245 2773 haec
270 2739 415 2772 nomina
439 2738 680 2781 imponerent.

169 2796 197 2835 ³)
231 2792 286 2829 Cf.
313 2795 332 2829 l.
353 2804 381 2829 a.
406 2793 441 2827 II
467 2804 501 2837 p.
522 2796 595 2828 183.
