1815 3231
1474 191 1553 227 255

67 302 210 340 auctor
237 301 388 350 scholii,
418 299 564 338 frustra
585 311 876 349 quaereremus.
916 300 948 338 Ε
972 300 1173 339 comoedia
1195 301 1314 350 igitur
1335 321 1389 326 —
1412 304 1450 340 et
1471 302 1553 339 sine

69 368 187 408 dubio
219 380 363 418 operae
395 368 564 418 pretium
597 370 655 406 est
687 367 787 405 hanc
810 368 1078 416 quaestionem
1111 370 1296 418 persequi
1327 389 1380 394 —
1414 369 1555 407 hausta

68 439 160 475 sunt
196 437 317 475 schol.
344 436 439 474 Ach.
470 438 534 474 11.
569 438 631 474 13.
662 437 722 474 16.
760 437 850 473 118.
889 438 984 480 7053
1022 437 1152 486 Equit.
1181 439 1274 475 242.
1312 440 1402 476 901.
1436 440 1553 476 1372.

71 507 187 544 1374.
224 508 346 553 1377;
384 504 486 542 Nub.
509 505 607 552 3483
646 503 802 540 Thosm.
831 505 922 541 575.
955 506 1051 547 8293
1090 505 1185 542 Rau.
1211 507 1298 543 151.
1333 508 1423 544 709.
1456 508 1554 549 9653

70 573 175 611 Eecl.
199 576 262 612 77.
285 575 349 612 97.
375 574 464 611 102.
487 574 579 610 208.
602 573 694 610 248.
717 574 808 610 365.
838 574 929 611 366.
963 574 1054 610 630.
1085 573 1179 611 810.
1210 576 1302 611 846.
1335 576 1428 622 932,
1460 586 1554 611 11011-

69 641 176 679 nulla
197 641 275 678 alia
306 639 355 677 ad
386 650 578 690 personas
609 639 861 689 pertinentia,
893 651 994 688 quae
1025 639 1063 676 in
1085 639 1201 678 rebus
1223 641 1390 690 publicis
1421 643 1553 690 partes

69 721 147 746 non
184 711 361 758 egerunt.

180 787 256 827 Sed
296 787 412 825 claris
449 790 489 825 et
520 786 701 824 dilucidis
732 786 863 824 verbis
900 787 939 824 in
975 787 1133 825 scholiis
1164 788 1259 836 ipsis
1297 788 1454 827 videtur
1492 788 1555 826 de-

69 856 276 895 monstrari
317 855 553 894 comoediam
587 867 672 893 esse
705 855 862 892 unicum
894 854 1054 905 fontem,
1090 855 1195 893 unde
1226 858 1283 894 tot
1314 856 1361 894 de
1392 857 1556 895 homini-

68 925 140 963 bus
162 924 339 963 obscuris
362 923 577 961 mentiones
600 926 716 960 natae
740 923 828 960 sint.
878 923 1086 972 Leguntur
1108 924 1210 961 enim
1240 924 1278 961 in
1302 925 1421 962 schol.
1440 925 1555 973 Vesp.

71 996 178 1032 1178
214 992 328 1030 haee:
370 987 663 1041 Καρδοπίων·
702 987 775 1027 καὶ
812 988 947 1027 τοῦτο
986 979 1093 1040 ιῖρχὴ
1131 982 1295 1040 μύθου.
1343 988 1552 1042 Δίδυμος·

68 1050 91 1099 ὁ
115 1055 385 1110 Καρδοπίων
406 1054 633 1110 ζητητέος·
658 1047 857 1108 οὐδαμοῦ
879 1055 1174 1108 κωμῳδεῖται·
1204 1048 1300 1096 ἀλλ’
1320 1049 1554 1109 ,ῗίγκυλίωυ

67 1123 138 1166 ἐπὶ
159 1125 223 1178 τῷ
253 1119 336 1178 τὴν
358 1123 522 1178 μητέρα
551 1121 796 1163 διατιθέναι
830 1125 1096 1172 (desideratur
1117 1125 1275 1174 κακῶς,
1307 1128 1410 1176 (1110(1
1433 1128 1557 1166 voluit

67 1197 224 1245 Portus,
254 1198 322 1232 aut
352 1195 430 1233 tale
460 1192 593 1244 quid)·
627 1189 765 1230 λείπει
788 1188 832 1230 δὲ
856 1186 1030 1242 Etr-ww.
1092 1193 1197 1240 Quid
1227 1195 1319 1233 inde
1350 1197 1554 1245 seqnitur?

68 1263 209 1302 Illudit
229 1262 517 1312 Aristophanes
550 1261 839 1311 Cardopionem
873 1262 955 1299 sine
988 1261 1106 1300 dubio
1139 1263 1342 1311 aequalem
1375 1263 1555 1313 aliquem,

49 1331 175 1382 quod
214 1331 326 1369 matri
364 1331 441 1368 vim
480 1330 673 1368 affecerit:
719 1342 807 1367 nam
846 1329 901 1367 sie
939 1330 1048 1367 loeus
1086 1330 1362 1380 explicandus,
1398 1344 1475 1370 non
1514 1342 1557 1370 ut

67 1399 263 1449 Didymus
302 1398 406 1436 fecit.
471 1398 553 1435 Iam
594 1397 789 1446 Didymus
832 1397 961 1435 locum
999 1398 1282 1446 interpretatus
1326 1398 1471 1437 frustra
1507 1400 1556 1438 (10

21 1491 27 1496 -
69 1467 329 1516 Cardopione,
361 1466 410 1504 de
442 1478 520 1516 quo
552 1466 591 1504 in
614 1466 700 1503 aliis
723 1466 1012 1504 commentariis
1044 1465 1140 1503 nihil
1170 1466 1406 1517 inveniebat,
1438 1480 1555 1517 quae-

68 1535 170 1573 sivit.
237 1535 403 1573 Ubinam
447 1534 668 1583 quaesivit?
728 1534 772 1571 In
813 1533 1042 1583 comoediis,
1082 1545 1180 1582 quas
1222 1545 1375 1584 semper
1416 1536 1454 1572 in
1495 1536 1555 1574 his

69 1602 364 1652 quaestionibus
400 1602 506 1640 solas
543 1601 743 1640 consultas
775 1612 860 1639 esse
897 1604 1006 1650 patet
1043 1614 1063 1639 e
1093 1604 1175 1640 toto
1207 1601 1362 1640 dicendi
1392 1615 1553 1652 genere:

62 1665 294 1721 ζητητέος·
335 1660 534 1720 οὐδαμοῦ
571 1664 863 1720 κωμῳδεῖται,
901 1671 1036 1719 utpote
1073 1681 1159 1706 cum
1199 1670 1261 1707 alii
1292 1670 1378 1708 libri
1419 1671 1467 1709 de
1498 1671 1558 1709 his

68 1738 186 1776 rebus
223 1738 381 1776 omnino
419 1737 568 1776 consuli
610 1749 688 1775 nou
728 1740 832 1775 esset
867 1737 997 1774 moris.
1056 1736 1186 1775 Simile
1225 1737 1321 1786 quid
1361 1739 1399 1776 in
1437 1739 1556 1777 schol-

68 1806 143 1844 Av.
166 1809 215 1845 17
247 1806 459 1855 invenitur,
490 1805 555 1844 ubi
586 1805 635 1843 ad
668 1804 988 1855 interpretandos
1020 1816 1176 1843 versus:

319 1862 544 1910 κάπέδοτο
577 1865 659 1910 τὸν
688 1868 767 1922 μὲν
803 1868 1098 1923 Θαρρελείδου
1129 1869 1313 1910 τουτουὶ

318 1934 504 1979 κολοιὸν
536 1932 705 1988 ὀβολοῦ

69 2011 191 2048 habes
223 2012 365 2059 quarto
389 2010 530 2048 omisso
563 2010 712 2048 scholia
739 2010 830 2047 tria:
871 2009 900 2046 Ι.
931 2002 1191 2058 Σύμμαχος·
1223 1999 1556 2060 Άσωπόδωρον.

69 2074 141 2115 καὶ
171 2071 250 2128 γὰρ
283 2065 421 2122 οὗτος
452 2071 524 2115 ἐπὶ
556 2071 811 2128 σμικρότητι
842 2067 930 2114 ὑπὸ
967 2072 1254 2128 Τηλεκλείδου
1292 2071 1557 2129 κεκιοὶιιςόδη-

68 2157 153 2192 ται,
185 2141 257 2182 καὶ
289 2134 312 2182 ὁ
344 2135 523 2190 κολοιὸς
552 2138 706 2194 μικρὸς
737 2136 802 2181 ὢν
833 2139 882 2181 ἐκ
912 2141 1006 2181 ταῖν
1036 2141 1214 2193 πτερῶν
1244 2137 1327 2194 τὴν
1348 2137 1558 2182 σύστασιν

70 2206 166 2262 ἔχει,
198 2225 297 2262 quae
319 2212 540 2262 Symmachi
561 2213 682 2251 verba
714 2225 791 2250 non
822 2213 941 2261 plane
972 2213 1127 2261 integra
1158 2215 1315 2250 servata
1347 2224 1433 2251 esse
1466 2225 1555 2262 pro·

69 2281 137 2319 bat
157 2280 297 2320 Suidas
328 2292 356 2318 s.
378 2293 414 2318 V.
439 2276 747 2331 Θαρρελείδηςι
779 2272 1036 2329 Σύμμαχος·
1069 2270 1405 2329 Ἀσωπόδωρος·
1434 2276 1558 2317 Διδυ-

68 2344 223 2398 μαχίας
255 2337 491 2396 ὁᾶδελφός
514 2338 669 2395 αὐτοῦ,
701 2342 771 2385 ἐπὶ
793 2337 1049 2398 σμικρότητι
1079 2343 1329 2398 διεβέβλητο
1359 2340 1558 2397 σώματος

70 2419 109 2453 01
139 2427 169 2453 s.
190 2428 225 2454 v.
250 2405 586 2466 Ἀσωπόδωροςῑ
618 2412 690 2452 καὶ
718 2411 990 2465 Διδυμαχίας,
1027 2403 1048 2450 ὁ
1083 2405 1271 2463 ἀδελφὸς
1301 2404 1454 2461 αὐτοῦ,
1486 2410 1558 2452 ἐπὶ

70 2476 329 2534 σμικρότητι
366 2479 663 2534 διεβέβληντο,
702 2495 803 2532 quae
843 2495 866 2520 a
902 2482 1164 2530 Bernhardyo
1202 2485 1389 2531 corrupta
1426 2483 1558 2521 habita

71 2554 110 2589 et
146 2552 202 2589 sic
241 2553 390 2588 mutata
427 2554 538 2590 sunt:
587 2545 896 2602 Θαρρελείδης·
935 2542 1189 2600 Σύμμαχος·
1230 2540 1556 2601 Ἀσωπόδωρος.

71 2615 130 2663 ὠς
163 2614 209 2656 δὲ
239 2614 441 2668 Δίδυμος,
473 2608 496 2656 ὃ
529 2609 718 2666 ἀδελφὸς
749 2607 901 2664 αὐτοῦ,
934 2617 1040 2667 (111οᾶ
1071 2616 1210 2656 falsum
1242 2630 1326 2656 esse
1357 2630 1377 2656 e
1406 2618 1556 2656 scholio

71 2684 252 2736 patet¹⁶);
295 2686 344 2724 ΙΙ.
375 2686 436 2725 1110
458 2689 590 2736 potest
611 2687 745 2735 omitti,
776 2687 868 2735 quia
899 2685 996 2723 nihil
1018 2686 1109 2724 novi
1136 2686 1266 2735 affert3
1309 2686 1374 2724 III.
1406 2680 1447 2723 οἱ
1478 2682 1558 2736 μὲν

188 2818 231 2861 1⁸)
265 2817 489 2861 Quamquam
520 2827 595 2852 uno
619 2817 711 2852 vitio
742 2816 932 2861 inquinata
965 2819 1050 2851 sunt
1080 2826 1122 2851 ea
1154 2825 1247 2860 quae
1279 2814 1410 2851 Suidas
1441 2815 1555 2851 affert·
