1830 3201
283 174 333 211 96

283 285 431 320 textum
464 283 709 330 receperunt.
769 282 881 318 Hanc
913 282 1117 318 lectionem
1153 280 1380 317 auctoribus
1419 280 1614 317 nonnullis
1653 279 1757 317 dete-

283 349 452 388 rioribus
483 348 683 386 codicibus
714 349 893 397 Heynius
926 348 1124 396 ceterique
1155 347 1331 385 homines
1362 346 1478 392 docti,
1509 358 1608 396 quos
1640 358 1762 395 supra

283 416 498 463 nominavi,
533 415 572 453 in
609 407 743 452 πόλιν
781 411 880 464 πέρι
917 407 1135 464 διυθήτην
1178 415 1484 452 immutaverunt
1520 413 1674 452 duabus
1714 425 1760 451 ex

284 483 429 522 causis:
473 484 640 533 primum
678 483 827 521 Hector
864 485 901 520 et
937 482 1115 520 Achilles
1152 486 1212 520 ter
1249 482 1393 520 circum
1432 482 1575 520 Troiae
1613 481 1763 519 moenia

284 554 489 589 currentes
521 551 575 589 eis
597 550 894 600 displicuerunt,
925 553 1004 587 tum
1034 550 1088 587 illi
1118 550 1222 587 circa
1243 549 1401 587 Troiam
1425 561 1584 587 currere
1605 548 1762 587 omnino

284 631 361 657 non
393 630 507 668 posse
528 617 760 656 videbantur
792 620 1011 667 propterea,
1043 616 1148 666 quod
1180 617 1367 666 antiquae
1394 616 1495 654 illius
1516 616 1623 654 urbis
1654 615 1763 666 situs,

284 699 398 736 quem
436 685 549 724 nobis
585 685 881 734 descripserunt
919 684 1158 722 recentiores
1195 684 1426 734 geographi,
1464 695 1619 722 cursum
1660 684 1764 721 circa

285 755 436 793 moenia
466 753 549 793 fieri
582 753 751 791 vetabat.
782 772 836 779 —
876 752 983 800 Quas
1016 752 1269 790 difficultates
1301 750 1566 799 Hercherus1)
1603 763 1766 801 prorsus

284 823 459 860 removit.
520 822 673 859 Etenim
705 820 863 859 Troiam
905 820 1065 858 Homeri
1096 819 1278 869 opinione
1316 819 1355 858 in
1387 820 1506 870 plano
1538 820 1648 858 sitam
1680 831 1765 857 esse

284 891 354 929 iste
385 889 527 928 docuit.
588 888 702 945 Quod
734 889 873 926 attinet
911 888 960 926 ad
998 888 1166 937 priorem
1198 899 1364 933 causam,
1402 900 1518 937 quam
1549 887 1767 926 attulerunt

285 958 461 996 homines
498 957 551 995 illi
589 956 704 1007 docti,
741 957 950 1006 Homerus,
988 959 1030 994 ut
1065 956 1161 994 satis
1198 958 1258 994 est
1294 958 1441 1005 notum,
1477 955 1590 1005 fingit
1625 956 1766 994 heroas

284 1038 377 1065 suos
407 1028 591 1075 gerentes
623 1037 697 1072 res,
728 1036 825 1074 quas
856 1024 1037 1062 mortales
1059 1023 1236 1062 homines
1258 1024 1341 1062 eius
1362 1024 1512 1073 aetatis,
1542 1036 1620 1073 qua
1651 1026 1767 1073 poeta

285 1095 367 1143 ipse
389 1094 495 1143 vivit,
525 1092 716 1143 perficere
737 1092 810 1129 iam
834 1105 910 1130 non
932 1092 1095 1141 possint.
1154 1091 1279 1130 Faesii
1308 1092 1444 1130 miram
1466 1091 1765 1141 explicationem

285 1162 388 1200 illius
420 1154 553 1198 πόλιν
584 1157 684 1210 πέρι
715 1152 963 1211 δινηθήτην
994 1160 1068 1197 iam
1101 1158 1301 1197 Frankius
1331 1158 1566 1209 repudiavit.

400 1227 655 1277 Participium
692 1228 823 1265 aoristi
861 1227 1006 1276 passivi
1046 1227 1205 1265 notione
1243 1226 1397 1264 mediali
1433 1226 1612 1265 instructi
1653 1222 1768 1277 δινη-

287 1293 383 1341 θεὶς
415 1295 556 1345 legitur
584 1306 610 1345 χ
632 1298 683 1334 85
721 1288 986 1345 περιῤῥηδὴς
1018 1289 1063 1331 δὲ
1096 1290 1286 1345 τραπέζῃ
1314 1289 1320 1344 Ι
1346 1286 1545 1332 κάππεσε
1573 1289 1768 1344 δινηθείς

289 1365 327 1402 in
366 1363 570 1414 permultis
609 1363 824 1410 codicibus,
864 1363 900 1400 in
939 1362 1080 1411 quibus
1117 1365 1175 1400 est
1211 1362 1379 1411 optimus
1416 1362 1663 1411 Harleianus,
1699 1361 1767 1400 sed

289 1433 362 1469 iam
395 1430 525 1469 variae
557 1430 645 1468 illae
677 1430 862 1468 lectiones
895 1430 1058 1467 aliorum
1088 1429 1264 1467 codicum
1298 1425 1515 1476 δινωθείς,
1549 1424 1768 1480 δηνηθείς,

287 1494 503 1543 ἰθυωθεὶς
535 1498 679 1536 docent
710 1498 853 1536 nostris
877 1498 912 1535 in
936 1497 1136 1536 codicibus
1168 1498 1203 1535 h.
1230 1498 1252 1535 l.
1284 1497 1381 1535 duas
1412 1498 1540 1535 inesse
1571 1497 1766 1535 recensio-

287 1580 367 1617 nes,
397 1579 561 1616 quarum
584 1567 705 1604 altera
727 1561 940 1617 δινηθεὶς,
977 1566 1101 1604 altera
1124 1560 1333 1610 ἰδνωθείς
1366 1564 1581 1612 Ιιειδθὺαῐ.2)
1633 1566 1689 1603 De
1722 1577 1768 1603 ea

288 1635 532 1685 quaestione,
570 1636 657 1671 utra
688 1633 802 1671 lectio
840 1632 1102 1682 praeferenda
1138 1633 1198 1682 sit,
1236 1628 1431 1683 δινηθείς
1468 1645 1516 1670 an
1549 1627 1768 1679 ἰδνωθείς,

289 1701 506 1741 sententiae
542 1701 733 1739 editorum
772 1700 810 1738 in
849 1700 1026 1738 diversas
1063 1700 1210 1739 abeunt
1241 1703 1384 1749 partes.
1442 1695 1646 1751 Διυηθείς
1677 1699 1768 1737 mihi

288 1770 445 1820 quidem
478 1770 608 1818 inepte
641 1768 688 1806 de
718 1768 966 1817 Eurymacho
999 1768 1142 1806 dictum
1176 1779 1262 1806 esse
1283 1768 1447 1816 videtur,
1479 1780 1556 1806 non
1588 1780 1665 1817 quo
1697 1768 1769 1805 sub
1828 1813 1830 1815 Ι

289 1834 520 1883 δινεῖσθαι,
557 1838 600 1873 ut
630 1836 688 1873 La.
716 1836 864 1873 Rochio
895 1835 933 1872 in
967 1834 1026 1873 ed.
1056 1835 1138 1873 crit.
1171 1835 1312 1884 placet,
1348 1835 1431 1872 sola
1462 1835 1568 1873 notio
1600 1834 1769 1884 vagandi

288 1905 463 1943 subiecta
499 1903 548 1942 sit
589 1900 654 1951 (cf.
691 1907 830 1941 contra
867 1903 925 1940 La
960 1902 1147 1940 Rochium
1186 1901 1224 1939 P
1255 1904 1334 1941 680
1378 1892 1475 1939 ὄσσε
1512 1898 1768 1952 δινείσθην),

289 1973 357 2011 sed
391 1973 484 2022 quia
506 1967 702 2022 δινηθεὶς
723 1970 949 2020 significans
975 1970 1078 2017 „sich
1102 1971 1150 2008 im
1173 1971 1316 2008 Kreise
1339 1969 1538 2008 drehend“
1575 1969 1624 2008 ad
1646 1970 1769 2018 Eury-

290 2041 468 2078 machum
502 2041 540 2077 in
563 2051 734 2077 mensam
758 2038 959 2077 cadentem
992 2038 1301 2088 haudquaquam
1334 2037 1514 2087 quadrat.
1574 2039 1653 2075 Iam
1676 2049 1769 2075 vero

289 2105 484 2159 δινηθείς
514 2108 724 2146 admodum
761 2107 965 2145 abundare
996 2106 1166 2154 videtur,
1204 2107 1236 2144 si
1269 2105 1507 2144 antecedens
1538 2105 1767 2143 adiectivum

288 2169 549 2227 περιῤῥηδὴς
581 2175 847 2222 Duentzero3)
879 2177 1042 2213 auctore
1086 2173 1392 2223 „schwankend,
1421 2172 1648 2211 taumelnd“
1684 2184 1770 2211 ver-

289 2245 448 2283 tendum
482 2246 549 2282 est.

402 2312 502 2350 Illud
534 2323 627 2349 vero
659 2306 886 2357 ἰδνωθείς,
926 2308 1032 2359 quod
1065 2308 1142 2347 duo
1174 2308 1286 2347 codd.
1318 2321 1340 2346 a
1370 2309 1428 2346 La
1455 2308 1604 2346 Rochio
1641 2308 1680 2346 in
1712 2307 1771 2346 ed.
1827 2316 1830 2353 l

404 2455 431 2495 ¹)
464 2452 585 2487 Ueber
617 2452 675 2486 die
709 2450 937 2485 homerische
969 2449 1096 2484 Ebene
1128 2460 1193 2484 vor
1221 2448 1340 2491 Troia,
1373 2447 1673 2492 Abhandlungen
1707 2448 1771 2482 der
1829 2429 1830 2452 l

290 2509 457 2544 Berliner
481 2506 702 2551 Akademie‚
732 2510 826 2549 1875,
851 2517 886 2550 p.
908 2509 979 2541 133.

402 2566 431 2605 2)
461 2562 741 2598 Autenriethius
765 2562 803 2595 in
830 2561 1125 2605 „Naegelsbachs
1149 2561 1255 2595 Anm.
1280 2570 1342 2594 zur
1367 2560 1425 2594 11.³
1453 2563 1557 2595 1864“
1584 2559 1629 2594 ad
1656 2560 1687 2593 B
1705 2562 1769 2593 260

291 2621 457 2665 δυνηθείς
479 2632 502 2664 χ
522 2622 562 2654 85
588 2618 877 2663 antiquissimam
903 2618 1062 2662 glossam
1088 2627 1170 2652 esse
1197 2620 1410 2660 auguratur.

403 2679 432 2719 3)
467 2675 520 2711 Cf.
544 2676 588 2710 K.
607 2675 644 2710 Z.
661 2674 764 2718 XIII,
780 2678 809 2709 ἵ.
842 2674 1044 2708 Duentzeri
1064 2674 1295 2708 coniecturae
1317 2672 1478 2716 Curtius,
1496 2673 1569 2707 Et.⁵
1586 2675 1660 2716 352,
1685 2682 1770 2716 quo-

292 2742 363 2777 que
388 2731 646 2776 adstipulatur.
686 2730 919 2775 Etymologia
950 2728 1059 2763 huius
1085 2728 1255 2763 adieetivi
1282 2727 1516 2762 vexatissima
1540 2731 1611 2771 est3
1645 2727 1770 2761 melior

292 2787 549 2832 interpretatio
574 2785 694 2821 adhuc
720 2785 880 2820 nondum
907 2789 963 2820 est
987 2788 1141 2829 reperta.

1823 2962 1830 3201 -ἁΛ--ηῃ-...ῌ-
1825 2844 1830 2956 ..μψ-Ίᾼ
