1815 3231
1450 194 1482 227 2«
1493 196 1526 227 m

59 301 226 346 utroque
257 298 342 336 loco
375 298 572 347 leguntur,
611 311 687 336 non
721 299 835 347 plane
868 300 1160 342 ‹·ouseuti11111.')
1221 301 1329 348 Quae
1363 314 1445 339 cum
1480 302 1529 338 ila

53 366 142 415 sint,
173 378 244 414 ego
268 365 427 415 quidem
450 365 505 402 rei
529 366 829 414 explicationem
863 380 943 404 cam
969 369 1090 405 solam
1120 368 1256 416 liabeo,
1289 373 1329 406 ut
1350 381 1527 405 (eciiscani

51 433 270 472 labentibus
301 433 414 471 annis
444 433 561 470 huius
593 434 699 471 fluvii
733 447 871 472 nomen
906 439 1180 473 commutatum
1213 450 1310 473 csso.

164 500 353 550 Sequitur
384 503 426 538 ut
447 500 656 539 enucleare
679 501 918 551 studeamus,
949 515 1037 540 nuni
1072 504 1293 541 Zenodotus
1326 504 1528 541 lectionem

53 569 264 618 genuinam
298 568 549 617 proposuerit
581 569 756 606 scribens
796 563 1022 618 'I'eppttsotig3
1055 583 1139 607 nam
1173 575 1237 608 aut
1269 572 1431 608 alterum
1466 574 1531 607 aut

51 636 216 674 alterum
250 648 272 673 a
302 638 420 684 poeta
459 635 676 684 profectum
716 648 800 674 csse
838 640 1011 686 apparet.
1071 638 1198 686 Atque
1231 637 1530 687 (ioettlingius‘ss)

52 702 210 753 quidem
233 704 382 752 recepit
406 703 444 740 in
463 706 610 741 textum
635 704 868 752 scripturam
894 703 1167 754 Ἰὶρμησσοῐω
1190 718 1274 742 cum
1299 704 1532 752 Fla(·liius³‘),

52 769 303 820 Rzachius4),
333 770 628 809 Schoemannus
665 771 828 809 formam
862 784 883 808 a
916 772 1046 809 littera
1075 782 1107 808 π
1139 772 1383 821 incipientem
1423 784 1531 820 prac-

52 837 225 876 tulerint.
285 838 426 886 Neque
457 838 595 876 horum
629 839 800 876 virorum
835 837 1036 876 doctorum
1071 843 1200 886 partes
1238 840 1347 888 sequi
1380 838 1530 887 dubito;

54 918 143 943 nam
175 905 388 944 tenendum
422 908 480 943 est
510 905 617 955 apud
650 906 742 943 Hes.
774 909 811 943 et
842 906 955 942 Paus.
988 906 1146 943 sormam
1178 909 1381 955 utramque
1413 905 1529 943 tradi-

52 975 128 1010 tam
169 983 268 1021 esse,
305 972 409 1022 apud
449 976 602 1010 ceteros
634 973 859 1022 scriptores,
899 984 997 1021 quos
1034 974 1340 1021 commemoravi,
1377 976 1530 1010 exstare

54 1032 322 1090 Περμησσός.
383 1041 473 1078 Iure
504 1041 623 1090 igitur
660 1040 845 1079 Zenodoti
885 1041 999 1078 lectio
1040 1040 1211 1089 reicitur,
1248 1053 1362 1089 quam
1404 1044 1529 1078 utrum

53 1107 171 1146 libros
188 1107 408 1147 Hesiodeos
431 1112 591 1147 secutus
613 1121 662 1146 an
686 1108 919 1147 testimoniis
940 1108 1098 1146 aliunde
1121 1108 1251 1157 petitis
1275 1120 1367 1145 usus
1390 1121 1529 1157 propo-

53 1176 185 1222 suerit,
217 1175 433 1215 diiudicare
466 1189 542 1215 non
575 1176 715 1214 audeo.
746 1197 799 1202 —
831 1177 967 1214 Restat
999 1180 1040 1213 ut
1060 1188 1187 1225 pauca
1208 1176 1379 1213 dicamus
1411 1175 1457 1214 de
1486 1189 1531 1213 ca

21 1243 26 1249 “
52 1256 105 1289 re,
137 1243 242 1293 quod
274 1243 487 1282 scholiasta
518 1246 683 1282 testatus
715 1247 774 1282 est
805 1243 1045 1281 Zenodotum
1079 1243 1115 1280 in
1148 1242 1390 1292 perhibendo
1419 1255 1530 1279 voca-

53 1311 143 1350 bulo
179 1301 394 1362 Τερμησός
432 1324 548 1350 unam
587 1311 756 1350 litteram
786 1318 810 1348 σ
846 1312 1080 1349 exaravisse.
1138 1311 1366 1348 Docuerunt
1402 1314 1529 1348 autem

53 1379 296 1429 grammatici
325 1380 590 1429 posteriorum
613 1382 830 1429 temporum
863 1379 1019 1416 nomina
1041 1379 1223 1428 locorum,
1251 1378 1412 1423 urbium,
1442 1380 1530 1415 cett.

54 1448 238 1486 exeuntia
275 1448 312 1485 in
345 1454 476 1499 ησσος
513 1451 689 1497 oxytona
719 1447 866 1497 duplici
900 1448 1029 1485 littera
1059 1455 1082 1483 σ
1113 1446 1367 1495 exprimenda
1399 1446 1529 1491 esse-³)

53 1514 131 1554 Sed
163 1527 248 1554 cum
279 1516 317 1554 in
350 1515 459 1554 libris
497 1515 598 1554 hanc
629 1515 753 1564 legem
795 1515 948 1552 minime
979 1517 1171 1551 servatam
1205 1526 1289 1551 esse
1326 1511 1529 1561 eoustetss),

54 1595 184 1633 neque
217 1595 309 1621 num
342 1583 376 1621 ei
408 1582 507 1622 fides
538 1583 587 1621 sit
609 1582 790 1621 habenda
822 1582 1001 1620 discerno
1035 1594 1161 1631 neque
1184 1581 1386 1619 lectionem
1410 1581 1528 1618 Zeno-

55 1650 134 1688 doti
164 1650 213 1689 ab
245 1651 318 1689 hac
349 1654 462 1700 parte
493 1651 704 1700 genuinam
737 1650 920 1688 traditam
952 1661 1037 1687 esse
1069 1649 1241 1687 dixerim.
1302 1647 1449 1695 Quodsi
1482 1660 1528 1685 cx

56 1718 130 1756 hoc
161 1718 308 1757 scholio
346 1718 545 1768 colligitur
581 1717 822 1757 Zenodotum
856 1718 1067 1767 Ephesium
1107 1716 1359 1765 Theogoniae
1395 1715 1530 1753 Hesio-

55 1785 151 1824 deae
188 1785 397 1824 editionem
435 1786 650 1835 paravisse,
686 1789 816 1824 cetera
853 1797 953 1834 quae
990 1783 1216 1822 ferebantur
1253 1782 1410 1821 Hesiodi
1447 1794 1530 1819 car-

56 1851 159 1890 mina
198 1852 246 1890 ab
284 1864 329 1891 eo
371 1853 454 1891 sive
496 1853 625 1891 omnia
664 1853 747 1891 sive
789 1865 835 1891 ex
874 1854 985 1902 parte
1024 1852 1228 1900 recognita
1267 1862 1351 1888 esse
1392 1849 1529 1899 proba-

55 1919 130 1958 bile
162 1924 230 1958 est.

169 1989 350 2038 Denique
372 1988 585 2027 notandum
608 1992 667 2027 est
697 1988 936 2026 Zenodotum
960 1988 1137 2037 primum,
1166 1990 1354 2035 quantum
1378 1986 1532 2034 scimus,

57 2056 325 2094 recensionem
368 2057 582 2094 carminum
620 2056 903 2094 Hesiodeorum
944 2054 1174 2103 confecisse;
1216 2066 1303 2091 nam
1345 2065 1445 2102 quae
1483 2052 1530 2090 dc

55 2121 305 2170 Pisistratffl)
353 2127 389 2163 et
429 2124 478 2162 de
522 2121 812 2173 Praxiphaness)
862 2122 1101 2172 accepimus,
1148 2123 1238 2171 apte
1278 2121 1353 2159 huc
1393 2120 1528 2158 referri

57 2192 122 2230 vix
153 2197 329 2241 possunt.

6 2332 9 2335 .
56 2309 176 2343 mann,
200 2299 269 2334 DIe
294 2299 370 2334 hes.
388 2298 529 2344 Theog.
555 2309 588 2343 p.
609 2302 650 2333 39
675 2299 777 2342 adn.;
810 2297 974 2340 Bursian,
1000 2295 1231 2340 Gcographie
1249 2306 1319 2330 von
1337 2293 1530 2329 Griechen-

54 2356 140 2391 land
165 2355 183 2390 I
206 2367 241 2401 p.
259 2357 335 2390 233.

171 2414 197 2454 ¹)
231 2410 288 2447 Cf.
312 2411 524 2456 Schneider,
549 2411 691 2447 Callim.
709 2411 741 2444 II
769 2422 802 2454 p.
821 2413 895 2445 325.

169 2470 199 2512 2)
229 2468 315 2504 Hes.
340 2469 507 2503 carmina.
543 2469 612 2502 Ed.
636 2468 760 2502 altera.
791 2471 883 2502 1834.

169 2526 199 2568 ³)
227 2534 286 2570 ap.
312 2524 515 2569 Goettling,
541 2525 626 2559 Hes.
651 2524 820 2558 carmina.
859 2523 922 2557 Ed.
950 2523 1064 2557 tertia.

170 2585 199 2624 ⁴)
231 2581 384 2616 Hesiodi
409 2591 503 2626 quae
528 2580 693 2615 feruntur
716 2580 846 2614 omnia.
874 2583 966 2615 1884.

169 2640 199 2682 5)
231 2636 285 2673 Cf.
310 2637 469 2681 Lobeck,
492 2637 660 2682 Prolegg.
685 2637 820 2682 pathol.
846 2646 949 2670 serm.
975 2636 1111 2678 Graec„
1136 2646 1242 2680 pagg.
1262 2638 1335 2670 411.
1362 2638 1435 2669 4:11.

170 2697 201 2738 6)
231 2694 431 2729 Fluctuant
462 2694 570 2729 etiam
606 2694 882 2738 inscriptiones;
919 2691 963 2727 cf.
994 2692 1243 2734 Meisterhans‚
1279 2693 1432 2726 Gramm.
1467 2690 1530 2725 der

59 2755 122 2786 att.
145 2750 296 2793 Inschr.‚
321 2761 356 2794 p.
375 2753 415 2784 75
441 2750 522 2785 adn.
541 2753 616 2785 695.

175 2807 203 2850 ⁷)
228 2810 264 2840 et
289 2807 317 2851 8)
343 2806 387 2841 cf.
413 2816 495 2852 pag.
513 2807 650 2849 insequ.
677 2806 745 2840 suh
772 2807 798 2846 ¹)
823 2808 859 2838 et
883 2806 922 2845 2).
