1830 3201
298 184 377 230 236

296 302 569 352 grammaticos
601 303 638 339 in
670 301 772 339 idem
805 302 986 340 incidisse
1019 303 1261 341 enuntiatum
1283 306 1357 341 tam
1382 305 1591 353 singulare.
1649 306 1772 343 Aliter

295 382 358 407 res
395 382 435 407 se
472 369 589 406 habet
625 369 663 405 in
701 369 818 406 schol.
848 369 863 406 I
895 370 988 407 Rau.
1017 373 1067 408 47
1100 370 1122 407 1.
1151 373 1323 410 21—26
1358 392 1407 396 —
1440 371 1488 409 de
1519 384 1597 421 quo
1634 377 1772 421 postea

294 438 511 475 videbimus
548 458 612 487 Ε,
657 437 762 486 quod
803 440 938 486 aperte
983 438 1209 477 adhibuisse
1255 441 1350 477 Ran.
1379 443 1457 478 541
1500 444 1655 489 praeter
1696 442 1771 478 alia

294 505 409 543 docet
441 499 480 541 οἱ
514 500 559 541 δέ
595 504 632 551 (i.
661 517 692 542 e.
726 504 918 553 Didymus
951 504 1059 555 ipse).
1127 507 1219 544 Cum
1252 507 1446 556 Didymea
1478 507 1526 544 ad
1560 509 1658 546 Plut.
1690 511 1771 548 550

294 573 490 610 sententia
514 573 707 621 congruit,
739 576 781 610 ut
802 573 876 610 iam
901 573 992 623 dixi,
1023 573 1091 620 33)
1114 575 1235 613 schol.
1259 575 1365 612 Eccl,
1388 578 1466 614 203
1490 576 1511 613 l.
1532 579 1653 626 4—6,
1684 589 1769 614 cum

294 640 414 677 schol.
437 641 550 688 Vesp.
578 643 656 679 947
696 638 764 686 34)
795 641 916 678 schol.
944 642 1040 679 Ach.
1073 645 1151 681 703
1184 645 1205 679 1.
1236 644 1412 693 28—34,
1449 643 1497 681 de
1528 656 1605 693 quo
1637 648 1772 693 postea

293 711 444 757 agetur,
485 711 525 745 ut
563 709 625 745 vel
662 709 736 746 1100
773 711 894 746 totum
936 709 1193 747 Chalcentero
1232 711 1390 748 tribuas.
1450 711 1616 749 Tribuas
1652 724 1770 761 porro

293 775 416 812 eidem
455 774 524 821 35)
562 776 682 813 schol.
710 777 806 813 Ran.
838 779 918 815 720
950 776 1171 826 l.11—13‚
1206 778 1299 826 quia
1328 779 1447 816 schol.
1480 780 1575 816 Ran.
1606 781 1683 817 725
1721 778 1770 816 ad

293 842 456 880 eandem
480 855 559 881 rem
583 842 784 892 pertinens
816 844 951 891 paucis
973 844 1152 882 versibus
1176 845 1405 883 intermissis
1437 846 1484 883 ad
1514 858 1599 884 eum
1632 846 1770 884 referri

292 910 470 948 vidimus.
541 910 691 948 Deinde
735 914 897 960 propter
940 911 1061 949 schol.
1089 912 1184 949 Ach.
1216 915 1331 956 1150,
1377 926 1454 962 quo
1497 914 1770 963 psephismatis

291 975 373 1014 τοῦ
399 969 457 1028 μὴ
480 974 708 1028 κωμῳδεῖν
740 980 883 1017 mentio
915 979 968 1028 fit,
1001 978 1069 1025 36)
1101 979 1222 1017 schol.
1244 980 1339 1017 Ach.
1363 983 1413 1019 67
1447 980 1570 1019 eidem
1603 981 1768 1019 tribuam

292 1044 357 1091 (cf.
385 1046 487 1083 Nub.
512 1045 647 1095 1022),
684 1050 848 1095 propter
885 1047 1005 1084 schol.
1034 1048 1103 1084 Av.
1138 1049 1215 1086 186
1256 1046 1324 1093 37)
1357 1048 1476 1085 schol.
1498 1049 1568 1086 Av.
1598 1052 1676 1087 363
1709 1049 1772 1086 vel

220 1155 223 1161 ¹
290 1113 421 1161 potius
451 1113 488 1150 id
521 1113 723 1162 scholium,
754 1114 858 1163 quod
892 1114 1149 1162 Symmachus
1179 1128 1200 1152 a
1223 1115 1391 1164 Didymo
1422 1115 1649 1164 dependens
1680 1116 1768 1154 olim

291 1181 328 1217 in
361 1182 638 1219 commentario
671 1182 859 1232 exhibuit,
892 1182 997 1231 quod
1031 1195 1116 1220 011111
1149 1183 1186 1219 111
1216 1183 1417 1221 codicibus
1449 1196 1527 1221 11011
1560 1184 1608 1221 sit
1638 1195 1770 1222 serva-

289 1252 369 1286 tum
400 1249 504 1298 apud
529 1249 683 1286 Suidam
707 1252 835 1287 exstat
864 1262 891 1287 s.
915 1264 949 1287 v.
971 1238 1344 1299 Χἷῡτιερικκουτίζειςι
1376 1243 1627 1300 Σύμμαχος·
1659 1244 1771 1301 πρὸς

289 1309 371 1366 τὴν
387 1313 563 1367 Μηλίου
585 1313 868 1367 ,πολιορκίαν
903 1310 1120 1367 Φρύνιχος
1136 1311 1421 1368 Μονοτρόπῳ
1441 1317 1532 1356 κτλ.
1555 1310 1580 1369 ἢ
1602 1308 1670 1355 ὅτι
1693 1349 1700 1356 .
1727 1349 1735 1357 .
1759 1348 1767 1356 .

290 1385 363 1422 iam
396 1386 574 1434 sequitur
600 1385 638 1422 id
671 1385 775 1435 quod
810 1386 966 1424 codices
998 1386 1153 1435 habent,
1185 1389 1227 1423 ut
1258 1399 1307 1424 ne
1335 1387 1408 1424 hoc
1431 1386 1585 1436 quidem
1618 1387 1769 1436 Byzan-

288 1452 410 1489 tinum
444 1464 528 1490 esse
561 1455 725 1490 constet.

402 1521 479 1557 Iam
512 1523 622 1569 patet
651 1521 727 1557 alia
749 1521 826 1570 via,
856 1533 933 1569 qua
964 1520 1012 1558 ad
1038 1521 1154 1559 huius
1175 1521 1418 1570 grammatici
1445 1534 1538 1571 opes
1570 1522 1767 1560 invenien—

289 1587 358 1626 das
389 1589 597 1637 pervenire
629 1590 840 1638 possimus:
874 1592 915 1626 ut
943 1589 990 1626 de
1013 1589 1185 1628 fontibus
1217 1601 1469 1639 quaeramus;
1501 1589 1605 1639 quod
1638 1603 1769 1640 quam·

290 1655 347 1692 vis
379 1655 510 1704 paullo
543 1657 666 1704 magis
694 1656 885 1693 lubricum
920 1656 970 1693 sit
1000 1656 1087 1705 iter,
1117 1660 1246 1694 tamen
1279 1656 1449 1706 quadam
1477 1669 1562 1694 oum
1585 1658 1767 1706 probabi-

290 1723 398 1760 litate
429 1722 661 1761 confirmare
692 1724 826 1771 ausim,
864 1724 893 1761 si
927 1724 964 1761 in
998 1724 1264 1773 compluribus
1296 1725 1454 1762 scholiis
1487 1725 1653 1762 eundem
1686 1724 1767 1762 sive

288 1789 442 1827 eosdem
476 1790 602 1828 fontes
634 1791 767 1840 paullo
797 1791 1045 1829 obscuriores
1076 1812 1128 1815 —
1160 1804 1248 1829 nam
1280 1791 1536 1841 Herodotum,
1567 1791 1767 1840 Thucydi-

288 1857 387 1907 dem,
419 1858 730 1908 Xenophontem,
761 1859 885 1907 ipsum
908 1859 1184 1896 Ph-ilochorum
1208 1860 1245 1897 in
1270 1859 1428 1897 scholiis
1451 1871 1607 1909 quoque
1628 1858 1767 1897 Lucia-

287 1925 369 1961 neis
406 1927 510 1962 corte
542 1937 618 1963 11011
651 1925 855 1974 Didymeis
893 1925 1088 1963 adhibitos
1124 1927 1187 1963 alii
1222 1939 1378 1976 quoque
1411 1929 1682 1975 cognoverunt
1712 1946 1764 1950 —-

286 1991 488 2030 videamus
526 1996 753 2042 usurpatos,
795 1992 843 2030 ad
883 1993 1049 2031 eundem
1094 1994 1163 2031 has
1200 1995 1356 2032 notitias
1400 2006 1484 2032 0550
1528 1993 1766 2031 referendas.

287 2059 409 2105 Quam
434 2060 482 2097 ob
505 2073 585 2097 rem
619 2064 724 2098 certo
757 2060 920 2099 dixerim
954 2063 1021 2105 38)
1053 2061 1173 2099 schol.
1195 2061 1292 2098 Aeli.
1316 2064 1395 2100 532
1428 2062 1450 2098 l.
1473 2064 1522 2099 21
1541 2073 1627 2110 sqq.
1658 2073 1678 2098 e
1700 2061 1764 2098 Di-

286 2126 390 2174 dymi
423 2129 697 2166 commentario
730 2129 816 2166 olim
850 2130 1030 2166 haustum
1063 2141 1161 2179 0550,
1197 2129 1288 2177 quia
1319 2129 1630 2166 Timocreontem
1663 2128 1763 2166 Rho-

286 2194 389 2231 dium
428 2191 491 2242 (ef.
523 2195 668 2246 Bergk,
700 2197 807 2234 Poet.
836 2197 908 2245 lyr.
937 2209 1066 2245 graec.
1095 2197 1149 2234 III
1180 2209 1268 2246 pag.
1299 2194 1395 2242 540)
1427 2196 1489 2233 hic
1520 2195 1696 2234 videmus
1725 2196 1763 2233 in

286 2274 395 2299 usum
428 2266 623 2313 vocatum,
663 2264 730 2312 qui
768 2276 853 2301 011111
893 2267 1100 2312 praeterea
1141 2265 1177 2302 in
1216 2264 1298 2302 solo
1336 2264 1482 2302 scholio
1512 2264 1626 2313 Vesp.
1656 2265 1762 2302 1063

287 2333 477 2378 recurrat,
509 2331 585 2368 illic
616 2344 639 2368 a
670 2331 838 2380 Didymo
872 2332 1076 2370 consultus
1108 2334 1177 2369 est.
1237 2330 1347 2378 Quae
1378 2332 1409 2368 si
1437 2334 1543 2369 recte
1565 2330 1763 2380 disputata

285 2400 383 2441 sunt,
423 2394 488 2445 39)
528 2398 650 2436 schol.
682 2411 840 2448 quoque
870 2400 961 2436 Pac.
991 2401 1069 2438 605
1101 2399 1123 2436 l.
1153 2401 1205 2437 30
1225 2410 1310 2447 sqq.
1347 2399 1380 2436 ei
1411 2398 1661 2436 tribuendum
1694 2400 1763 2447 est,

285 2476 362 2512 quo
400 2465 505 2502 unde
541 2478 598 2515 ea,
636 2479 737 2515 quae
769 2466 865 2504 Ach.
895 2469 976 2505 530
1007 2467 1185 2516 exposIta
1216 2468 1317 2515 sunt,
1353 2466 1527 2504 hauserit
1562 2465 1762 2514 cognosci-

284 2529 411 2577 turfiv)
462 2533 634 2570 Eandem
661 2534 864 2579 rationem,
899 2546 984 2572 cum
1013 2534 1136 2572 schol.
1156 2534 1247 2583 Lys.
1270 2536 1349 2573 313
1382 2547 1404 2571 a
1425 2534 1595 2583 Didymo
1621 2532 1760 2570 videri-

285 2610 369 2636 mus
401 2611 486 2645 esse
518 2600 748 2649 profectum,
786 2600 836 2638 ad
868 2613 912 2638 ea
944 2601 1093 2639 scholia
1123 2601 1239 2638 velim
1272 2600 1459 2646 adhiberi,
1497 2599 1636 2649 quibus
1668 2598 1760 2638 Ora-

395 2696 439 2737 23)
470 2695 597 2729 Eidem
623 2695 690 2729 hoc
716 2695 893 2730 scholium
919 2696 1045 2730 tribuit
1069 2695 1264 2739 Sauppius,
1290 2695 1475 2739 Goetting.
1499 2694 1758 2739 geleh1·t.Anz.

286 2753 367 2784 1867
393 2761 502 2794 pagg.
522 2754 582 2785 180
597 2761 675 2795 sqq.
701 2755 738 2785 et
762 2752 975 2786 dubitanter
993 2751 1207 2795 Schoellius,
1232 2750 1483 2795 Sitzungsber.
1501 2751 1566 2785 der
1583 2750 1618 2786 k.
1636 2751 1758 2796 bayer.

281 2803 498 2850 Akademie‚
524 2806 797 2851 philos-philol.
817 2818 849 2842 11.
870 2808 996 2842 histor.
1014 2808 1146 2842 Klasse
1167 2810 1250 2841 1888
1276 2817 1359 2851 pag.
1378 2809 1440 2840 250
1466 2807 1547 2841 adn.
1569 2810 1595 2841 1.
