1815 3231
1457 221 1526 253 201

54 315 233 369 χέεσθαι
279 319 476 358 derivasse
523 321 808 369 intellegentem
855 336 1012 372 uquam,
1061 326 1150 362 nihil
1201 327 1354 375 probat,
1409 342 1533 376 nequi·

63 387 162 425 enim
196 387 323 436 video,
354 400 424 425 eur
456 387 687 435 dubitemus7
721 391 810 438 quin
843 392 984 440 aliquis
1017 394 1216 441 profectus
1248 395 1335 432 item
1368 409 1389 432 a
1418 397 1534 434 verbo

55 450 234 504 χέεσθαι
264 460 393 494 aerem
436 456 506 494 sibi
547 455 860 503 inf01·1naverit.¹)
921 460 1061 508 Neque
1099 461 1149 497 illi
1183 462 1386 500 sein-adcri
1421 477 1533 511 argu-

59 525 188 560 mento
231 523 389 561 multum
433 523 582 572 tribuo,
625 525 849 562 coniectura
890 528 1139 575 comprobata
1183 529 1278 567 lwne
1321 532 1534 578 prm-eder(-

58 590 291 629 sententiam
330 591 584 640 Bacehylidis
621 592 814 641 particula
847 590 893 629 όεῗ
930 607 1133 632 annexam.
1196 597 1293 634 Nam
1328 599 1384 635 vis
1418 601 1534 647 parti-

59 659 169 696 culae
193 654 240 696 δέ
269 672 314 697 ea
346 671 433 697 esse
464 663 604 709 potest,
635 663 676 698 ut
708 661 893 700 Zenodoti
917 663 1135 701 testimonio
1167 664 1334 702 addatur
1363 667 1536 717 Bacchy-

59 726 158 764 lidis.
218 726 291 765 Sed
323 726 492 777 quaeris,
529 740 600 765 eur
637 728 710 766 hoe
748 729 921 768 scholion
956 731 1046 769 Hes.
1085 731 1131 768 ad
1165 732 1315 778 glossas
1351 735 1534 772 Zenodoti

59 794 220 844 Ephesii
253 796 584 845 revocaverimus,
614 808 699 834 eum
734 796 965 845 fragmenta.
998 811 1096 848 quae
1131 804 1335 849 praeterea
1364 802 1438 839 hue
1461 806 1536 840 ret-

58 863 231 911 tulimus,
262 862 311 900 ad
334 864 528 902 voeabula
550 864 759 902 Homerica
788 866 1083 915 interpretanda
1115 869 1352 917 pertineant:
1387 871 1537 907 accedit

60 930 163 979 quod
197 930 452 981 Zenodotum,
491 944 604 980 quem
638 932 946 970 Alexandrinum
988 935 1293 983 intellegendum
1327 948 1412 973 csse
1451 950 1535 985 pro·

60 997 154 1036 bare
197 998 435 1048 studuimus,
482 999 622 1037 librum
672 995 730 1044 εἰς
780 993 863 1049 τὴν
904 989 1101 1038 Ἡσιόδου
1148 1000 1386 1052 θεογονίαν
1436 1017 1537 1041 eom-

61 1066 238 1115 posuisse
270 1065 449 1105 diximus.
508 1067 561 1104 At
592 1079 691 1113 eum,
732 1080 833 1117 quae
870 1068 906 1105 in
942 1070 1014 1106 hoc
1045 1070 1192 1108 scholio
1231 1072 1451 1121 traduntur,
1487 1073 1537 1109 ita

60 1133 137 1171 sint
182 1137 418 1183 comparata,
466 1137 508 1172 ut
551 1135 767 1184 glossarum
812 1136 1071 1174 testimonium
1120 1137 1164 1175 iis
1207 1140 1394 1176 contineri
1441 1140 1537 1177 veri-

20 1249 26 1256 λ
61 1201 296 1240 simillimum
329 1203 378 1240 sit
408 1215 538 1252 neque
569 1203 682 1241 titulo
713 1201 916 1253 γλῶσσαι,
950 1218 1062 1254 quem
1095 1205 1254 1251 semes-³)
1289 1212 1441 1245 exstare
1473 1207 1538 1244 do-

62 1270 221 1315 cuimus,
259 1270 455 1308 indicetur
485 1271 678 1309 voeabula
709 1270 958 1321 Homerica3)
992 1275 1139 1311 tantum
1179 1275 1372 1323 explicata
1410 1274 1539 1320 fuisse,

64 1337 242 1386 equidem
277 1350 418 1376 censeo
461 1339 536 1376 hoc
571 1339 746 1377 scholion
786 1352 831 1377 ex
869 1340 1008 1388 glossis
1045 1340 1315 1387 Ze110doteis⁴)
1355 1353 1540 1388 manasse,

63 1417 161 1454 quas
193 1405 242 1443 ad
275 1406 447 1455 Homeri,
479 1406 652 1456 Hesiodi,
685 1406 849 1445 aliorum
884 1420 1004 1457 opera
1040 1409 1275 1456 pertinuisse
1306 1409 1484 1446 arbitror.

176 1472 361 1522 Sequitur
392 1478 434 1512 ut
464 1473 513 1512 de
541 1474 866 1524 interpretatione
889 1469 1124 1525 vocis'xckog
1153 1489 1325 1525 agamus.
1387 1477 1541 1514 Erravit

63 1541 285 1580 Zenodotus
317 1553 411 1580 sane
442 1543 480 1580 in
513 1555 559 1581 ea
591 1555 645 1592 re,
682 1543 786 1592 quod
820 1543 921 1581 hane
954 1556 1087 1582 vocem
1120 1544 1291 1582 eiusdem
1324 1544 1454 1594 stirpis
1486 1548 1542 1582 at·

64 1621 142 1659 que
171 1605 348 1659 χέεσθαι
380 1610 542 1648 verbum
574 1622 660 1649 esse
691 1611 805 1655 dixit3
844 1624 931 1649 nam
971 1624 1083 1649 nemo
1121 1612 1235 1650 hodie
1267 1612 1420 1659 ignorat
1458 1625 1540 1649 eam

65 1677 194 1716 redire
225 1677 274 1715 ad
296 1678 482 1728 radicem,
513 1691 615 1728 quae
641 1679 743 1717 inest
775 1680 810 1717 in
841 1675 992 1729 χαίνω,
1024 1672 1217 1728 χάσκει).5)
1279 1679 1426 1727 Quodsi
1460 1684 1541 1729 ety-

65 1757 154 1783 mon
177 1748 284 1784 reete
306 1759 384 1784 non
407 1746 670 1796 investigavit,
702 1749 870 1785 mentem
894 1747 1034 1796 poetae
1064 1751 1266 1785 assecutus
1289 1745 1391 1795 est.⁶)
1442 1748 1540 1784 Nam

65 1816 184 1862 reete,
224 1817 268 1851 ut
307 1814 398 1851 mihi
437 1813 607 1863 videtur,
647 1814 872 1852 Zenodotus
912 1815 959 1852 ab
997 1827 1129 1853 eorum
1170 1816 1276 1853 stetit
1314 1818 1435 1864 parte,
1478 1814 1542 1863 qui

63 1872 170 1930 χάος
200 1881 348 1919 aerium
381 1881 577 1931 quoddam
610 1882 890 1920 intellexerint.
994 1874 998 1878 ⁶

179 1948 385 1998 Reliquum
418 1951 488 1995 est,
518 1952 562 1988 ut
592 1948 640 1988 de
671 1948 860 1987 Zenodoti
892 1948 1033 1986 studiis
1066 1950 1103 1987 in
1135 1949 1414 1987 vocabulorum
1447 1948 1543 1987 diffi-

67 2015 196 2054 cilium
218 2016 267 2055 ad
291 2016 597 2066 intellegendum
620 2017 941 2066 interpretatione
963 2017 1100 2065 positis
1132 2016 1225 2066 quid
1257 2017 1294 2053 in
1318 2016 1542 2054 universum

66 2083 115 2121 sit
144 2084 395 2123 statuendum
427 2084 618 2133 dieamus3
652 2097 739 2122 nam
771 2084 923 2133 glossas
954 2083 1163 2122 secundum
1196 2082 1368 2121 ordinem
1401 2083 1543 2121 littera-

181 2217 209 2257 1)
241 2215 297 2250 Cf.
321 2215 386 2250 Od.
411 2218 532 2250 21189:
558 2213 647 2260 περὶ
671 2211 745 2259 γὰρ
771 2216 864 2255 θεῖος
889 2209 1004 2258 α’ἑρα
1025 2216 1162 2257 χεῦεν
1187 2209 1338 2254 Παλλὰς
1363 2207 1544 2256 Ἀθηναίη.

180 2273 209 2314 2)
239 2271 295 2308 Of.
320 2283 355 2316 p.
376 2275 450 2306 192.

180 2330 208 2370 ³)
243 2328 297 2363 De
321 2328 458 2372 glossis
483 2327 684 2362 Homericis
709 2327 967 2371 cogitaverunt
990 2325 1131 2360 Heffter
1155 2337 1188 2370 p.
1208 2328 1244 2369 93
1270 2325 1505 2369 Sengebusch
1531 2324 1545 2357 Ι

68 2395 103 2428 p.
122 2387 181 2429 533
206 2383 393 2420 Duentzer
416 2395 452 2429 p.
470 2387 523 2419 29.
571 2382 695 2418 Aliter
720 2382 866 2418 censuit
890 2381 1088 2417 Schneider
1111 2393 1164 2417 nr.
1183 2385 1257 2416 219.

182 2443 212 2484 ⁴)
241 2441 297 2476 De
322 2441 588 2476 commentariis
613 2440 789 2475 Zenodoti
808 2439 960 2483 Ephesii
985 2439 1030 2473 ad
1055 2439 1205 2473 Hesiodi
1230 2438 1387 2474 earmina
1412 2438 1547 2482 eogita-

69 2500 201 2533 verunt
223 2497 396 2532 Muetzell
420 2508 454 2542 p.
473 2500 555 2541 2813
594 2496 784 2540 Goettling
808 2496 828 2529 1,
853 2505 883 2529 e.
908 2494 1023 2539 praef.
1048 2506 1082 2539 p.
1102 2494 1203 2539 LVI3
1240 2493 1360 2536 Fla-ch,
1391 2493 1547 2528 Glossen

70 2553 146 2587 und
172 2552 341 2588 Scholien
369 2564 433 2588 zur
458 2552 533 2588 hes.
552 2552 692 2597 Theog.
717 2563 752 2596 p.
773 2555 844 2586 110.

182 2611 212 2652 5)
244 2609 406 2652 Curtius,
432 2609 574 2645 Grieeh.
597 2611 716 2655 Etym.
742 2618 851 2652 pagg.
871 2610 942 2642 179.
967 2610 1048 2651 4443
1082 2605 1128 2641 cf.
1152 2607 1264 2641 sehol.
1289 2606 1334 2640 ad
1351 2605 1383 2639 h.
1403 2606 1423 2640 l.
1449 2602 1484 2639 oi
1509 2601 1546 2639 δὲ

72 2676 189 2709 φασιν
214 2659 290 2700 ἀπὸ
316 2668 384 2700 τοῦ
405 2667 535 2710 χαδεῖν
560 2667 660 2708 xvh,
687 2664 797 2699 schol.
823 2663 869 2697 ad
893 2662 1174 2707 A1·ist0ph.Av.
1198 2674 1232 2697 v.
1254 2665 1325 2697 192.

184 2723 214 2764 ⁶)
242 2721 427 2766 Weleker,
451 2721 522 2756 Die
544 2722 620 2756 hes.
637 2720 774 2763 Theog,
800 2730 834 2763 p.
853 2722 912 2761 833
937 2718 1174 2761 Schoemann,
1199 2718 1290 2762 Opp.
1309 2717 1343 2751 II
1368 2726 1477 2761 pagg.
1496 2720 1548 2751 29.

73 2781 131 2820 703
164 2776 365 2822 Goettling,
390 2777 474 2813 Hes.
498 2788 619 2822 carm,
644 2777 701 2812 ed.
718 2779 800 2811 tert.
824 2785 898 2810 cur.
921 2774 1044 2818 Flaeh‚
1068 2774 1181 2819 praef.
1206 2785 1240 2818 p.
1259 2773 1351 2807 XLI.
1379 2773 1394 2806 I
1420 2784 1454 2817 p.
1473 2776 1548 2807 2923.

73 2833 244 2868 ceterum
269 2832 316 2868 cf.
340 2833 523 2869 Hermann
560 2834 653 2879 Opp.
670 2832 704 2867 II
731 2844 766 2876 p.
788 2834 867 2876 1723
893 2830 1051 2873 Lobeek,
1077 2830 1259 2875 Aglaoph.
1288 2841 1323 2874 p.
1341 2832 1415 2864 513.

144 2901 235 2933 Diss.
253 2901 331 2934 Hal.
351 2903 417 2934 XI.
1317 2898 1356 2930 14
