1830 3201
302 195 380 232 356

302 302 500 357 stevtg'cssb)
561 303 709 351 Quibus
731 303 918 352 expositis
950 314 996 340 ne
1019 301 1114 340 illud
1138 302 1295 351 quidem
1324 302 1494 342 dubitari
1523 305 1653 352 potest
1683 304 1777 353 quin

300 386 377 411 non
409 372 531 411 solum
564 372 659 409 haec
692 371 822 420 verba,
852 370 994 419 quibus
1025 370 1249 409 Philochori
1280 383 1420 408 nomen
1453 371 1674 420 appositum
1706 374 1777 419 est,
1829 419 1830 424 ¹

302 440 391 477 huic
423 439 607 476 historico
644 434 875 487 debeantur,
912 437 980 475 sed
1017 439 1139 475 totum
1172 437 1361 475 scholium
1402 437 1450 475 ad
1483 450 1569 476 eum
1607 437 1778 476 recedat.
1829 426 1830 433 ¹

412 506 520 543 Haec
542 506 632 542 sunt
654 517 698 542 ea
720 504 953 554 fragmenta,
983 516 1082 554 quae
1111 504 1263 542 nomine
1285 506 1489 542 auctorum
1519 507 1655 543 ornata
1677 507 1777 543 sunt.

301 574 410 620 Quae
442 573 502 610 vel
533 572 671 610 leviter
692 572 971 621 perstringenti
1003 572 1086 610 fere
1109 572 1237 610 omnia
1265 584 1384 610 unum
1407 572 1553 611 habere
1575 584 1778 610 commune

302 640 483 678 videntur
515 640 620 688 quod
652 652 747 689 prae
769 652 809 678 se
831 638 965 678 ferunt
996 639 1194 678 archontis
1215 652 1353 678 nomen
1384 642 1452 678 aut
1483 652 1560 689 quo
1583 652 1686 678 anno
1718 651 1779 678 res

300 709 475 746 evenerit
501 707 704 746 indicatur.
755 708 855 746 Nam
878 708 975 745 haec
998 710 1081 745 erat
1103 707 1273 745 omnium
1298 706 1500 745 Atthidum
1529 707 1706 746 condicio
1738 710 1780 746 ut

300 777 498 814 annalium
530 777 654 814 instar
686 788 763 825 quo
796 788 977 825 quaeque
1005 787 1067 813 res
1100 777 1280 824 praetore
1309 776 1503 814 evenisset
1534 775 1779 814 adnotarent.

302 844 425 891 Quam
459 844 508 882 ob
539 856 619 881 rem
660 856 704 882 ea
736 856 893 893 quoque
924 843 1073 882 scholia
1104 856 1206 893 quae
1237 846 1384 881 restant
1415 856 1492 881 non
1524 856 1660 892 pauca,
1698 844 1779 893 qui-

301 912 372 949 bus
410 911 485 949 tale
525 911 618 960 quid
658 910 836 949 videmus
874 911 1116 960 contingere,
1153 911 1218 948 uni
1256 922 1303 948 ex
1341 910 1544 948 Atthidum
1581 910 1779 960 scriptori-

300 979 371 1016 bus
410 978 634 1016 tribuemus.
696 979 938 1028 Quamquam
978 991 1055 1016 non
1094 978 1221 1016 omnia
1260 977 1483 1016 huiusmodi
1519 978 1666 1016 scholia
1703 978 1780 1016 huc

299 1048 487 1094 spectant,
529 1058 614 1084 cum
648 1046 710 1084 hic
741 1046 819 1084 illic
857 1045 1021 1093 accidat,
1062 1048 1102 1084 ut
1143 1046 1190 1083 ab
1230 1045 1325 1094 ipsis
1365 1046 1586 1084 scholiastis
1624 1049 1779 1095 tempus

298 1114 498 1151 inventum
522 1114 582 1162 sit,
614 1113 720 1162 quod
744 1113 887 1151 factum
910 1112 1078 1151 vidimus
1109 1113 1146 1151 in
1177 1113 1298 1151 schol.
1321 1113 1419 1162 Equ.
1441 1116 1532 1158 237,
1564 1113 1663 1151 Nub.
1687 1116 1778 1163 210,

299 1181 418 1218 schol.
439 1182 475 1218 11
503 1181 573 1218 Av.
601 1184 690 1226 186,
727 1182 882 1219 Τ1103111.
906 1184 998 1229 804,
1033 1181 1153 1219 schol.
1175 1181 1211 1218 ΙΙ
1238 1181 1339 1218 Ρ1111.
1360 1183 1449 1219 173.
1509 1180 1584 1219 Sed
1615 1180 1689 1218 alia
1720 1193 1777 1218 re-

300 1251 404 1286 stant
426 1248 586 1297 30110110,
618 1261 718 1298 quae
750 1261 792 1286 re
815 1261 907 1286 vcra
939 1261 985 1286 cx
1010 1248 1303 1297 atthidographi
1327 1248 1489 1286 alicuius
1511 1248 1608 1286 libro
1637 1248 1778 1286 hausta

300 1329 383 1354 0330
415 1316 558 1354 (1000111
595 1319 632 1354 01
669 1328 731 1354 res
765 1320 944 1354 narratae
983 1320 1020 1354 01
1058 1320 1165 1354 certa
1201 1316 1388 1365 temporis
1426 1316 1543 1354 notio.
1603 1315 1777 1363 Quorum

300 1384 442 1422 fontem
487 1384 728 1433 inquisituri,
776 1395 984 1432 possumus
1024 1396 1103 1421 rem
1151 1383 1282 1432 paullo
1324 1383 1498 1421 strictius
1538 1382 1779 1433 distinguere

299 1465 413 1501 quam
450 1453 628 1500 Ungerus
661 1453 727 1501 qui
761 1451 810 1489 de
842 1451 989 1489 scholio
1022 1452 1245 1500 Lys.1144
1277 1450 1459 1500 agensffl')
1492 1464 1578 1489 cum
1611 1451 1779 1490 01110110-

299 1532 400 1557 mum
435 1519 614 1568 excipiat,
654 1531 865 1569 numquam
903 1519 940 1556 in
974 1519 1130 1557 scholiis
1162 1519 1398 1568 consultum,
1434 1531 1512 1557 rem
1544 1518 1777 1557 Philochoro

298 1590 364 1625 aut
403 1586 639 1625 Androtioni
677 1589 745 1624 aut
787 1586 1039 1624 Phanodemo
1077 1586 1194 1624 tribui
1232 1598 1349 1636 posse
1386 1586 1490 1634 dicit,
1528 1587 1670 1635 quibus
1707 1598 1778 1625 nos

298 1655 476 1704 quintum
509 1642 656 1693 addere
678 1666 886 1704 possumus
907 1654 1163 1704 Hellanieum,
1197 1667 1282 1692 cum
1314 1655 1379 1692 vel
1410 1654 1515 1692 hunc
1547 1655 1776 1693 archontum

297 1724 454 1760 nomina
501 1723 562 1760 hic
608 1722 687 1760 illic
734 1723 946 1760 narrationi
993 1723 1262 1771 anteposuisse
1306 1722 1516 1760 verisimile
1560 1722 1778 1769 fecerimus,

296 1790 370 1829 Sed
405 1803 482 1828 reni
526 1791 748 1828 accuratius
790 1793 1002 1828 tractantes
1034 1791 1280 1828 Demonem
1321 1791 1447 1828 statim
1488 1790 1621 1828 eadem
1661 1803 1779 1829 causa

296 1858 476 1895 commoti
516 1857 770 1896 excludemus
809 1871 885 1906 qua
920 1859 1100 1907 Ungerus
1132 1857 1401 1907 Clitodemum,
1439 1858 1531 1908 quia
1568 1870 1777 1907 numquam

296 1939 317 1962 a
359 1926 589 1972 scholiastis,
629 1926 689 1964 vel
727 1926 869 1975 potius,
911 1929 953 1964 ut
993 1939 1063 1965 nos
1101 1926 1359 1964 confidentius
1400 1926 1531 1964 dicere
1572 1938 1778 1976 possumus

297 1993 344 2032 de
378 1994 538 2031 scholiis
570 1994 709 2031 bonam
741 1994 926 2032 historiae
949 1993 1211 2042 cognitionem
1243 1994 1537 2043 praebentibus,
1565 2006 1587 2031 a
1609 1993 1776 2042 Didymo

296 2054 550 2109 grammatico
591 2062 628 2098 in
663 2073 774 2099 usum
807 2065 969 2099 vocatus
1001 2064 1069 2099 est.
1128 2061 1203 2108 Qui
1241 2064 1283 2099 ut
1313 2061 1350 2098 in
1383 2061 1503 2098 schol.
1532 2061 1603 2099 Av.
1632 2064 1709 2100 301
1741 2064 1779 2100 et

296 2130 385 2167 Pac.
418 2131 497 2167 4:39
543 2129 727 2166 Demonis
769 2129 907 2167 librum
956 2125 1052 2179 περὶ
1096 2125 1423 2178 παροιμιῶυιίθ),
1461 2141 1538 2167 non
1579 2127 1776 2166 Atthidem

297 2196 505 2245 consuluit,
546 2197 598 2233 ita
637 2197 751 2234 ctiam
789 2197 826 2234 in
862 2196 983 2234 schol.
1017 2196 1116 2234 Plut.
1152 2199 1256 2235 1002
1294 2196 1504 2245 proverbia
1535 2196 1719 2234 Demonis
1755 2209 1777 2234 a

296 2263 464 2312 Didymo
497 2264 677 2302 consulta
708 2267 798 2302 sunt
829 2264 935 2313 quod
969 2264 1160 2302 scholium
1194 2275 1280 2302 cum
1313 2263 1441 2301 adhuc
1472 2262 1645 2301 nondum
1676 2262 1775 2301 bene

297 2332 493 2380 cognitum
535 2332 583 2369 sit
630 2331 762 2381 paullo
802 2332 1025 2370 accuratius
1067 2330 1308 2377 tractaboxss)
1379 2330 1439 2368 Ad
1481 2330 1777 2380 interpretanda

297 2400 396 2436 enini
429 2402 568 2448 poetae
597 2400 718 2438 verba
750 2392 887 2437 πάλαι
917 2389 1018 2437 ποτ’
1039 2385 1151 2449 ἦσαν
1183 2390 1356 2448 ἄλκιμοι
1378 2391 1587 2448 Μιλήσιοι
1617 2398 1681 2436 hic
1711 2398 1775 2436 ha-

407 2531 450 2570 39)
485 2527 540 2563 Cf.
565 2529 692 2563 Philol.
711 2529 794 2563 XLI
820 2540 854 2573 p.
878 2533 936 2563 100
952 2540 1029 2573 sqq.

409 2586 451 2628 40)
485 2585 539 2619 Cf.
566 2585 774 2628 Muellerus,
800 2586 883 2628 Frg.
901 2585 934 2619 11.
953 2596 1004 2628 gr.
1027 2585 1042 2618 Ι
1068 2596 1101 2629 p.
1120 2584 1315 2618 LXXXIII
1341 2588 1376 2619 et
1400 2595 1434 2628 p.
1454 2588 1528 2626 379,
1553 2587 1589 2618 et
1610 2583 1774 2626 Crllsius,

298 2640 317 2674 l.
333 2650 363 2673 a.
381 2641 539 2684 append.
558 2641 574 2674 l
592 2651 625 2684 p.
646 2644 705 2674 132
722 2652 813 2684 sqq,
829 2651 1045 2685 quamquam
1064 2640 1121 2675 hic
1140 2650 1249 2684 saepe
1266 2650 1340 2674 rem
1359 2640 1482 2684 paullo
1499 2639 1671 2674 audacius
1690 2640 1773 2683 egit.

408 2699 449 2737 41)
485 2698 651 2740 Egerunt
689 2697 734 2731 de
771 2697 838 2732 hoc
873 2697 1012 2731 scholio
1049 2697 1258 2738 Muellerus,
1288 2697 1308 2730 l.
1334 2707 1364 2731 a.
1394 2696 1410 2730 Ι
1444 2708 1477 2740 p.
1504 2700 1582 2731 380:
1621 2695 1772 2739 frg.103

298 2751 479 2793 Wolffins,
508 2752 698 2797 Porphyrii
717 2756 783 2787 etc.
803 2753 988 2796 reliquiae,
1013 2752 1107 2786 Berl.
1130 2755 1224 2794 1856,
1244 2763 1278 2795 p.
1298 2755 1356 2795 743
1381 2752 1641 2795 Pomptow1us,
1659 2752 1773 2793 Quae-

298 2807 454 2841 stionum
481 2807 524 2842 dc
551 2808 683 2842 oracul.
710 2817 787 2851 cap.
815 2808 888 2851 301,
914 2807 1009 2843 Bcrl.
1033 2810 1126 2852 1551,
1151 2818 1185 2851 p.
1207 2811 1334 2851 llsqq.
