1830 3201
309 195 388 232 298

309 317 385 342 non
419 305 537 342 multa
569 304 615 342 de
638 316 683 342 ea
714 303 819 353 apud
840 303 1114 352 Thucydidem
1137 304 1204 349 III,
1226 307 1276 343 91
1305 303 1482 354 legimus,
1511 302 1628 341 alium
1661 314 1784 352 quen-

309 371 396 410 dam
434 371 682 409 scholiastam
719 371 978 408 recentiorem
1017 374 1055 408 et
1090 370 1153 408 hic
1184 370 1282 409 falso
1321 371 1481 409 alteram
1520 369 1783 408 obsessionem

307 438 544 476 intellexisse
582 440 619 475 et
650 450 727 475 non
760 438 885 475 minus
917 437 1017 475 falso
1054 438 1092 475 in
1123 437 1243 475 schol.
1267 438 1335 475 Av.
1361 440 1438 477 186
1470 433 1613 488 {Niciae
1645 448 1785 474 nomen

307 506 494 544 intulisse.
554 507 726 555 Tempus
758 509 885 544 autem
916 502 1123 556 προτέρῳ
1155 500 1252 552 ἔτει,
1293 505 1332 543 id
1363 505 1468 554 quod
1500 517 1617 554 saepe
1648 504 1691 542 fit
1721 503 1784 550 (cf.

308 574 428 611 schol.
449 574 521 611 Av.
545 575 625 612 750
656 576 693 611 et
725 573 904 622 exempla
935 585 1035 622 quae
1065 573 1116 611 ibi
1149 572 1292 618 addidi,
1324 571 1454 610 fictum
1487 575 1554 610 est.

420 639 488 687 27)
529 639 655 678 Schol.
684 641 756 678 Av.
785 642 877 689 639,
914 639 978 677 ubi
1015 652 1100 678 cum
1137 640 1246 689 prius
1283 640 1471 677 scholium
1511 639 1534 677 1.
1561 641 1726 678 40—44
1762 650 1785 675 a

307 708 475 756 Didymo
509 711 636 746 ortum
668 708 716 745 sit
747 706 810 753 (cf.
837 708 1008 756 Hesych.
1040 719 1068 745 s.
1091 720 1124 744 v,
1150 704 1468 756 μελλονικιᾶν),
1503 706 1542 744 in
1575 707 1698 744 altero
1731 706 1785 743 le-

306 777 426 825 gitur:
459 764 482 812 ὁ
504 771 661 819 Νικίας
684 765 956 821 Ἀλκιβιάδου
988 774 1078 821 (scr.
1096 767 1363 825 Νικηράτου,
1387 774 1605 813 nominibus
1626 775 1664 811 in
1683 773 1784 811 idem

306 843 388 881 fere
420 843 655 881 exeuntibus
694 846 735 880 ut
766 854 884 891 saepe
921 843 1022 880 inter
1053 854 1094 880 se
1132 840 1393 888 commutatis)
1435 833 1482 887 ὃς
1520 831 1783 887 ἀνεβάλλετο

308 900 520 947 ἀπελθεῖν
551 905 593 955 ἐς
623 906 846 956 Σικελίαν,
878 909 985 959 quod
1016 910 1199 948 haustum
1232 913 1290 947 θεῖ
1321 922 1341 947 θ
1363 909 1485 947 Thuc.
1511 909 1573 954 VI⁷
1595 911 1631 956 8,
1655 911 1677 947 2
1701 910 1738 946 et
1758 911 1783 946 4

306 971 549 1028 παρελθών
573 967 818 1028 ἀποτρέψαι
849 970 1053 1025 ἐβούλετο
1083 976 1152 1024 (εο.
1173 973 1328 1022 Νικίας
1355 972 1377 1014 ὀ
1401 969 1656 1027 Νικηράτου
1687 976 1709 1021 ξ
1733 974 1784 1022 2).

419 1044 488 1092 28)
533 1046 657 1085 Schol.
686 1046 757 1083 Av.
787 1048 883 1093 750,
922 1045 986 1083 ubi
1024 1058 1111 1083 cum
1148 1046 1222 1083 alia
1258 1057 1278 1083 θ
1317 1044 1528 1083 comoediis
1565 1044 1785 1093 sumpserit,

307 1116 436 1164 pergit
466 1115 488 1152 l.
510 1117 581 1153 45:
619 1111 828 1164 τέταρτος
861 1110 907 1152 δέ
937 1114 1005 1161 (sc.
1032 1111 1296 1164 Phrynichus)
1328 1108 1446 1150 ἐστιν
1474 1102 1704 1164 Ἀθηναῖος
1733 1105 1785 1149 τὸ

306 1178 430 1231 γένος
462 1170 485 1219 ὁ
519 1173 820 1233 στρατηγήσεις
849 1175 906 1218 τα
933 1178 1031 1231 περὶ
1066 1175 1220 1231 Σάμον
1251 1177 1324 1218 καὶ
1364 1170 1567 1231 Άστυόχῳ
1597 1175 1784 1230 προσθέ-

305 1261 447 1299 μενος,
479 1243 751 1300 ἐπιχειρήσεις
783 1246 826 1287 δὲ
860 1247 913 1298 τῇ
941 1247 1023 1286 τοῦ
1047 1242 1184 1300 δήμου
1214 1239 1460 1286 καταλύσει.
1511 1244 1613 1298 περὶ
1643 1235 1707 1285 ὦν
1737 1243 1785 1285 ἓν

305 1322 399 1362 τοῖς
420 1311 663 1367 Βατράχοις
695 1312 857 1362 ἱκανῶς
879 1310 1124 1367 εἰρήκαμεν,
1157 1317 1263 1366 quod
1295 1320 1445 1366 spectat
1475 1329 1553 1354 nou
1585 1316 1635 1354 ad
1665 1315 1784 1354 schol.

306 1387 401 1423 Ran.
426 1386 544 1434 1299,
581 1388 623 1423 ut
653 1385 864 1423 Duebnero
887 1384 1062 1431 videtur,
1101 1384 1170 1422 sed
1201 1384 1249 1421 ad
1283 1386 1375 1433 688,
1413 1384 1475 1422 ubi
1514 1395 1783 1432 quaecumque

307 1452 515 1502 adscripsit
550 1453 942 1502 interpretamentum
984 1455 1042 1490 est
1082 1464 1102 1489 θ
1142 1454 1281 1500 poetae
1318 1451 1439 1500 ipsius
1476 1450 1605 1488 verbis
1646 1453 1784 1488 ortum.

307 1519 452 1557 Contra
480 1519 705 1568 Thucydidi
729 1520 833 1568 VIII,
855 1522 919 1558 50.
947 1522 996 1558 51
1031 1518 1225 1557 debentur
1247 1531 1292 1556 ea
1323 1531 1424 1567 quae
1456 1518 1574 1556 schol.
1595 1518 1666 1556 Av.
1694 1530 1782 1567 pro-

302 1588 400 1625 tulit.
460 1588 534 1625 Hic
565 1588 691 1625 statim
715 1588 874 1624 afferam
907 1587 1027 1625 schol.
1049 1586 1206 1625 Thesm.
1229 1588 1328 1625 804:
1360 1587 1383 1623 l.
1408 1589 1457 1624 12
1490 1584 1713 1635 Χαρμῖνος
1736 1581 1781 1622 δὲ

301 1650 401 1703 περὶ
432 1647 588 1703 Σάμον
628 1646 1007 1704 συνεστρατηγησε
1047 1646 1159 1690 κατὰ
1188 1646 1269 1690 τὸν
1299 1646 1456 1702 καιρὸν
1490 1651 1656 1690 τοῦτον
1690 1656 1784 1697 τοῖς

301 1717 402 1771 περὶ
429 1714 662 1770 Φρύνιχον,
694 1724 732 1760 θῖ
764 1723 799 1759 ΙΙ
831 1722 878 1759 ab
901 1721 1038 1759 eodem
1062 1721 1339 1759 commentario
1371 1720 1599 1770 dependens
1633 1712 1781 1771 Θρᾴκῃ

300 1788 399 1826 falso
431 1801 502 1838 pro
535 1781 675 1839 Σάμῳ
707 1789 874 1838 scripto:
904 1781 1168 1839 συνεμάχησε
1201 1781 1284 1838 γὰρ
1318 1784 1523 1838 Φρυνίχῳ
1554 1781 1601 1824 ἓν
1631 1780 1782 1839 Θρᾴκῃ

301 1845 324 1892 ὁ
354 1854 588 1906 Χαρμῖνος.
640 1852 712 1893 καὶ
743 1851 847 1901 ἴσως
884 1845 1016 1893 οὐδὲν
1046 1845 1286 1905 ἀξιόλογον
1316 1850 1515 1906 ἔπραξεν.
1568 1848 1636 1892 διὸ
1667 1850 1779 1904 λέγει

298 1920 440 1973 „oryza
476 1917 532 1960 τὰ
569 1917 711 1974 ἔργαίί,
753 1924 799 1962 de
842 1937 918 1973 quo
960 1924 1227 1962 additamento
1270 1925 1342 1962 iam
1384 1924 1528 1962 dictum
1571 1926 1639 1962 est.
1704 1926 1781 1961 Res

300 1991 441 2029 hausta
478 1995 536 2029 est
574 2004 594 2030 e
624 1992 747 2030 Thuc.
772 1992 877 2040 VIII,
907 1995 969 2038 125,
995 1995 1014 2030 1
1048 1996 1085 2030 et
1116 1995 1182 2038 30,
1207 1995 1241 2041 1,
1278 1992 1423 2041 quippe
1462 2004 1577 2040 quem
1609 1991 1657 2029 de
1695 1991 1780 2028 aliis

302 2059 417 2096 huius
448 2059 636 2108 temporis
668 2059 784 2098 rebus
816 2060 936 2108 gestis
967 2059 1277 2097 luculentissime
1309 2059 1526 2097 consultum
1557 2070 1643 2096 esse
1674 2057 1780 2096 vide-

302 2126 435 2164 rimus.
494 2126 569 2164 Sed
602 2127 705 2165 unde
737 2127 833 2165 illud
855 2120 967 2164 κατὰ
986 2119 1067 2164 τὸν
1089 2119 1245 2176 καιρὸν
1266 2123 1460 2164 τοῦτονΡ
1509 2125 1622 2174 Quod
1653 2126 1778 2175 primo

300 2196 463 2242 aspectu
497 2195 681 2243 optimam
714 2195 876 2243 praebet
906 2206 1039 2232 ansam
1073 2194 1121 2232 ad
1153 2193 1413 2231 definiendum
1447 2196 1600 2242 tempus
1631 2193 1692 2230 cui
1725 2192 1779 2230 sa-

300 2261 393 2298 bula
434 2262 482 2299 sit
522 2262 739 2300 tribuenda.
804 2263 901 2300 Nam
942 2274 1028 2299 cum
1069 2274 1089 2300 θ
1126 2262 1250 2299 Thuc.
1290 2261 1385 2299 locis
1426 2261 1554 2298 allatis
1593 2263 1780 2310 appareat

300 2328 423 2366 hieme
445 2327 625 2376 412s411
660 2329 909 2368 Charminum
941 2328 1117 2367 additum
1145 2341 1230 2367 esse
1261 2329 1500 2378 Phrynicho,
1530 2327 1623 2377 quid
1655 2328 1778 2376 magis

300 2396 448 2434 arridet
479 2409 593 2445 quam
626 2397 787 2435 credere
818 2397 966 2435 lenaeiS
997 2399 1064 2434 aut
1086 2396 1237 2445 magnis
1260 2396 1459 2445 Dionysiis
1491 2395 1663 2433 eiusdem
1686 2395 1776 2432 anni

302 2462 470 2500 fabulam
504 2464 657 2502 doctam
689 2465 800 2502 esse?
850 2464 926 2503 Sed
959 2476 1037 2513 qua
1058 2462 1214 2502 tandem
1237 2464 1302 2500 via
1332 2463 1514 2512 pervenit
1545 2463 1776 2500 scholiastes

299 2529 345 2566 ad
377 2530 473 2567 illud
496 2524 608 2567 κατὰ
637 2542 674 2567 τ.
696 2543 734 2567 κ.
758 2542 795 2568 τ.
828 2531 933 2580 quod
965 2543 1043 2569 non
1072 2530 1184 2569 nimis
1212 2533 1360 2568 certum
1391 2542 1476 2568 θεεθ
1507 2529 1776 2578 unusquisque

300 2597 516 2635 concedet?
566 2598 644 2635 Fac
676 2610 762 2635 eum
795 2599 833 2635 in
866 2598 1042 2636 manibus
1073 2598 1257 2635 habuisse
1289 2596 1554 2646 didascaliam,
1589 2609 1666 2646 qua
1697 2608 1774 2645 quo

298 2662 485 2701 archonte
517 2663 654 2702 fabula
685 2663 894 2702 doceretur
925 2665 1119 2713 cognovit.
1178 2664 1345 2701 Ubinam
1374 2663 1525 2702 invenit
1556 2662 1691 2701 eodem
1719 2674 1777 2699 ar-

298 2729 439 2767 chonte
471 2730 719 2768 Chai-minum
753 2731 890 2769 ducem
932 2735 1107 2770 creatum
1147 2742 1246 2780 esse,
1286 2734 1329 2769 ut
1366 2731 1497 2769 dicere
1535 2732 1666 2779 posset
1702 2729 1776 2767 hoc

297 2795 440 2834 sactum
474 2809 556 2835 esse
589 2797 724 2836 eodem
758 2801 930 2846 tempore
962 2810 1040 2847 quo
1073 2797 1204 2836 fabula
1235 2797 1472 2836 doceretur?
1524 2795 1639 2846 Apud
1671 2795 1776 2833 Thu-
