1830 3201
284 191 360 227 116

283 300 453 338 nationis
484 299 607 337 multo
628 300 756 337 rarius
786 299 1065 348 usurpabatur.
1116 298 1373 348 >Quapropter
1402 298 1487 336 iure
1517 297 1686 336 Seilerus
1717 301 1756 336 et

282 367 580 405 Autenriethius
610 366 755 404 formas
784 366 900 404 medii
931 368 1225 415 separaverunt.

871 496 913 538 3.
954 492 1171 537 xvr'oooo.

395 570 469 607 Vix
505 570 558 618 ei,
599 569 665 618 qui
703 571 826 607 totum
865 569 979 606 huius
1017 568 1127 606 verbi
1166 569 1328 617 eiusque
1369 568 1670 618 compositorum
1711 581 1757 606 ac

284 637 448 675 maxime
497 636 625 674 affinis
664 636 773 674 verbi
811 628 1003 673 πτώσσω
1042 647 1153 673 usum
1197 636 1432 685 respexerit,
1474 635 1633 673 dubium
1674 648 1759 674 esse

285 705 439 753 poterit,
471 705 564 753 quin
586 704 748 742 verbum
777 705 828 741 sit
856 703 1034 752 primitus
1056 703 1343 741 intransitivum
1375 703 1644 753 significetque
1669 703 1759 749 „de-

285 772 436 809 mittere
474 770 656 821 corpus“.
714 771 867 809 Etenim
908 771 973 808 illa
1003 770 1125 808 verba
1161 782 1316 820 semper
1353 770 1479 809 solent
1514 771 1759 808 intransitive

287 839 469 888 usurpari
500 842 665 888 excepto
688 839 807 876 verbo
838 830 1033 887 πτήσσω,
1064 837 1171 886 quod
1203 850 1279 876 uno
1302 838 1388 875 loco
1409 838 1618 876 Homerico
1639 832 1760 883 Ξ4Ο,

285 908 351 956 qui
383 911 421 945 et
451 907 645 955 magistris
676 906 845 955 antiquis
877 909 915 943 et
944 905 1232 943 recentioribus
1260 905 1541 954 interpretibus
1570 906 1655 943 iure
1686 917 1760 943 me-

286 976 440 1023 ritoque
472 974 544 1012 fuit
575 977 793 1022 suspectus,
831 974 1071 1011 causativam
1103 974 1299 1011 notionem
1330 974 1504 1022 praebet.
1562 974 1678 1011 Hunc
1708 973 1760 1011 lo-

286 1055 372 1080 cum
412 1054 500 1079 mox
543 1042 768 1079 accuratius
810 1040 998 1078 tractabo.
1062 1041 1190 1078 Antea
1227 1052 1289 1090 ea,
1326 1053 1426 1090 quae
1464 1040 1676 1090 etymologi
1714 1040 1762 1078 de

287 1110 409 1147 verbo
441 1109 698 1158 praecipiunt,
736 1108 906 1146 breviter
937 1108 1115 1145 referam.
1166 1104 1405 1146 Vaniffiekius
1432 1108 1462 1158 Ι,
1489 1110 1567 1147 539
1599 1108 1760 1146 verbum

287 1190 334 1215 ex
371 1189 417 1214 ea
455 1176 604 1221 radice,
642 1176 705 1213 cui
743 1176 946 1213 transitiva
985 1176 1089 1213 notio
1128 1175 1290 1213 feriendi
1327 1176 1390 1213 vel
1427 1175 1612 1213 trudendi
1650 1176 1763 1224 inest,

286 1246 520 1293 prognatum
553 1255 639 1281 esse
670 1246 813 1281 censet.
872 1243 958 1280 Hoc
989 1246 1128 1288 tamen,
1159 1243 1189 1280 si
1221 1254 1308 1280 eum
1340 1243 1451 1292 sequi
1479 1242 1678 1288 vellemus,
1709 1243 1762 1280 in-

288 1315 437 1350 certum
475 1311 839 1359 subobscurumque
871 1313 985 1358 esset,
1023 1322 1101 1359 qua
1133 1310 1284 1348 ratione
1322 1310 1390 1347 illa
1419 1309 1649 1359 significatio
1681 1322 1763 1347 cor-

287 1380 393 1429 poris
424 1377 655 1417 demittendi
687 1378 903 1416 manaverit
934 1390 982 1415 ex
1005 1378 1079 1415 ista
1100 1377 1242 1415 radicis
1269 1377 1476 1415 transitiva
1496 1377 1545 1414 vi.
1605 1378 1764 1416 Curtius

287 1448 326 1484 in
358 1446 438 1484 Et.⁵
461 1449 509 1484 61
543 1446 658 1484 huius
690 1446 797 1484 verbi
830 1445 1064 1483 mentionem
1096 1444 1243 1482 faciens
1275 1444 1323 1482 de
1354 1445 1513 1483 notione
1545 1448 1583 1483 et
1613 1444 1763 1494 origine

287 1517 402 1563 tacet,
434 1514 478 1551 L.
507 1512 731 1561 Meyerus1)
764 1525 856 1550 vero
888 1525 912 1550 a
942 1515 1075 1550 nostra
1106 1514 1216 1562 parte
1247 1515 1333 1549 stat.

399 1576 441 1623 Ξ
464 1584 517 1620 40
554 1570 577 1618 ὁ
610 1577 656 1617 δὲ
692 1573 914 1631 ξύμβλητο
953 1572 1137 1631 γεραιός,
1165 1576 1169 1630 Ι
1196 1575 1391 1629 Νέστωρ,
1430 1578 1568 1630 πτῆξε
1605 1575 1651 1617 δὲ
1684 1579 1764 1617 θυ-

287 1643 372 1699 μὸν
402 1643 465 1686 ἐνὶ
488 1641 724 1698 στήθεσσιν
749 1638 941 1697 Ἀχαιῶν,
973 1651 1015 1685 ut
1045 1647 1094 1684 ad
1124 1648 1251 1685 locum
1274 1648 1523 1685 Homericum
1556 1650 1765 1694 transeam,

289 1717 363 1754 iam
386 1720 539 1755 veteres
561 1716 696 1765 critici,
726 1720 768 1753 ut
799 1728 919 1765 supra
947 1715 1038 1765 dixi,
1069 1716 1107 1752 in
1130 1715 1335 1753 transitiva
1356 1715 1463 1752 verbi
1485 1714 1766 1763 significatione

290 1784 549 1823 offenderunt.
609 1785 747 1833 Itaque
769 1784 1022 1821 Aristarchus
1051 1783 1155 1821 hunc
1177 1783 1304 1821 locum
1327 1782 1616 1832 condemnavit,
1645 1783 1766 1821 Zeno-

292 1852 424 1901 dotus,
464 1852 677 1900 Dionysius
715 1850 915 1900 Sidonius,
956 1850 1207 1889 Herodianus
1252 1850 1432 1900 legerunt
1472 1847 1602 1900 πῆξε,
1650 1862 1765 1899 quam

292 1920 500 1958 lectionem
533 1931 634 1957 unus
665 1918 789 1957 codex
820 1918 986 1964 exhibet,
1018 1919 1084 1956 alii
1115 1918 1356 1966 grammatici
1385 1916 1536 1968 πλῆξε.
1597 1918 1765 1967 Quoquo

292 1987 406 2025 modo
445 1999 508 2025 res
544 1999 586 2025 se
622 1987 756 2036 habet,
793 1987 1026 2024 mutationes
1064 1986 1406 2035 grammaticorum
1442 1984 1619 2023 arridere
1655 1985 1767 2024 nobis

292 2068 369 2093 non
400 2058 574 2104 possunt,
607 2056 699 2104 quia
726 2054 855 2092 verbis
879 2047 1073 2104 πήγνυμι
1105 2057 1142 2092 et
1168 2046 1355 2104 πλήσσω
1385 2054 1611 2092 tribuuntur
1640 2056 1767 2091 trans-

294 2123 396 2160 latae
429 2122 752 2171 significationes;
784 2122 851 2159 sed
874 2122 1068 2171 exempla,
1098 2122 1136 2159 in
1164 2121 1306 2170 quibus
1337 2121 1425 2159 illae
1456 2121 1669 2159 translatae
1701 2133 1767 2159 no-

293 2191 419 2228 tiones
441 2190 700 2239 reperiantur,
726 2201 919 2238 nusquam
942 2189 1030 2227 alibi
1053 2192 1217 2227 exstant.
1266 2189 1352 2227 Hoc
1373 2191 1536 2237 constat,
1556 2189 1765 2237 genuinam

293 2258 498 2296 lectionem
537 2258 575 2295 in
608 2260 716 2296 textu
753 2257 960 2295 Homerico
998 2254 1132 2305 πτῆξε
1169 2256 1300 2294 fuisse.
1364 2255 1426 2293 Ad
1457 2255 1676 2293 Aristarchi
1712 2256 1767 2293 iu-

295 2326 436 2364 dicium
458 2324 724 2363 adiuvandum
747 2324 845 2363 aliae
867 2337 1010 2362 causae
1030 2323 1241 2372 accedunt3
1272 2335 1399 2373 neque
1423 2323 1522 2361 enim
1544 2323 1634 2361 licet
1660 2323 1767 2361 illum

296 2405 451 2431 versum
493 2396 643 2430 tantum
692 2393 739 2430 ob
781 2392 918 2430 mirum
960 2404 1072 2430 usum
1115 2392 1355 2430 causativum
1401 2403 1472 2440 pro
1513 2390 1767 2440 suppositicio

295 2460 451 2498 habere.
517 2459 722 2497 Manifesto
771 2449 939 2508 Ἀχαιῶν
976 2458 1023 2496 de
1060 2459 1185 2497 tribus
1219 2458 1297 2495 illis
1335 2457 1516 2495 heroibus
1553 2457 1768 2495 vulneratis

296 2527 494 2573 Diomede,
528 2527 651 2575 Ulixe,
680 2528 987 2576 Agamemnone,
1022 2525 1071 2563 ad
1103 2537 1202 2575 quos
1238 2525 1302 2563 ille
1331 2525 1538 2574 genetivus
1574 2524 1768 2563 referatur

297 2597 464 2645 oportet,
501 2607 578 2632 non
615 2597 706 2642 apte
743 2594 886 2632 dictum
924 2596 991 2631 est.
1058 2592 1188 2640 Quid?
1231 2592 1335 2641 quod
1373 2591 1501 2630 Fulda
1536 2592 1574 2630 in
1612 2592 1768 2640 egregia

297 2664 366 2700 illa
404 2661 690 2710 dissertatione,
727 2673 842 2710 quam
880 2661 1112 2711 conscripsit
1147 2660 1194 2698 de
1233 2659 1514 2699 vocabulorum
1551 2651 1694 2709 θυμός
1730 2661 1768 2698 et

412 2771 440 2811 ¹)
467 2769 544 2812 Vgl.
564 2768 641 2802 Οτι-,2
660 2768 686 2811 Ι,
704 2770 779 2802 604.
802 2769 875 2802 825.
