<?xml version="1.0" encoding="UTF-8"?>
<!DOCTYPE html PUBLIC "-//W3C//DTD XHTML 1.0 Transitional//EN"
    "http://www.w3.org/TR/xhtml1/DTD/xhtml1-transitional.dtd">
<html xmlns="http://www.w3.org/1999/xhtml" xml:lang="en" lang="en">
 <head>
  <title>
</title>
<meta http-equiv="Content-Type" content="text/html;charset=utf-8" />
  <meta name='ocr-system' content='tesseract 3.04.00' />
  <meta name='ocr-capabilities' content='ocr_page ocr_carea ocr_par ocr_line ocrx_word'/>
</head>
<body>
  <div class='ocr_page' id='page_1' title='image "./deverbisetintran00hilduoft_0383.png"; bbox 0 0 1815 3231; ppageno 0'>
   <div class='ocr_carea' id='block_1_1' title="bbox 1429 190 1507 226">
    <p class='ocr_par' dir='ltr' id='par_1_1' title="bbox 1429 190 1507 226">
     <span class='ocr_line' id='line_1_1' title="bbox 1429 190 1507 226; baseline 0.026 -2"><span class='ocrx_word' id='word_1_1' title='bbox 1429 190 1507 226; x_wconf 76' lang='lat'>377</span> 
     </span>
    </p>
   </div>
   <div class='ocr_carea' id='block_1_2' title="bbox 25 292 1513 2849">
    <p class='ocr_par' dir='ltr' id='par_1_2' title="bbox 25 292 1513 2849">
     <span class='ocr_line' id='line_1_2' title="bbox 27 292 1507 349; baseline 0.005 -20"><span class='ocrx_word' id='word_1_2' title='bbox 27 304 70 329; x_wconf 70' lang='grc' dir='ltr'>(Α</span> <span class='ocrx_word' id='word_1_3' title='bbox 73 297 139 331; x_wconf 88' lang='lat' dir='ltr'>1nt</span> <span class='ocrx_word' id='word_1_4' title='bbox 173 294 312 340; x_wconf 80' lang='lat' dir='ltr'>(Thuc.</span> <span class='ocrx_word' id='word_1_5' title='bbox 340 296 365 344; x_wconf 99' lang='grc' dir='ltr'>Ι,</span> <span class='ocrx_word' id='word_1_6' title='bbox 389 293 455 343; x_wconf 80' lang='grc'>72)</span> <span class='ocrx_word' id='word_1_7' title='bbox 494 296 531 333; x_wconf 86' lang='lat' dir='ltr'>id</span> <span class='ocrx_word' id='word_1_8' title='bbox 572 298 616 334; x_wconf 83' lang='lat' dir='ltr'>iis</span> <span class='ocrx_word' id='word_1_9' title='bbox 655 297 863 340; x_wconf 61' lang='lat' dir='ltr'>ohi‹am,‹nt</span> <span class='ocrx_word' id='word_1_10' title='bbox 903 311 942 334; x_wconf 55' lang='lat' dir='ltr'>si</span> <span class='ocrx_word' id='word_1_11' title='bbox 937 298 968 334; x_wconf 90' lang='lat' dir='ltr'>d</span> <span class='ocrx_word' id='word_1_12' title='bbox 1009 292 1162 346; x_wconf 68' lang='grc' dir='ltr'>ἔ-’ὀοξιν</span> <span class='ocrx_word' id='word_1_13' title='bbox 1192 304 1345 344; x_wconf 64' lang='grc' dir='ltr'><em>αιτοῖς</em></span> <span class='ocrx_word' id='word_1_14' title='bbox 1384 311 1507 349; x_wconf 80' lang='grc' dir='ltr'><em>παρι-</em></span> 
     </span>
     <span class='ocr_line' id='line_1_3' title="bbox 26 355 1506 417; baseline 0.005 -21"><span class='ocrx_word' id='word_1_15' title='bbox 26 356 160 410; x_wconf 76' lang='grc' dir='ltr'>τητέα</span> <span class='ocrx_word' id='word_1_16' title='bbox 195 355 237 406; x_wconf 75' lang='grc' dir='ltr'>ἐς</span> <span class='ocrx_word' id='word_1_17' title='bbox 267 374 370 407; x_wconf 77' lang='grc' dir='ltr'><em>τοις</em></span> <span class='ocrx_word' id='word_1_18' title='bbox 402 360 778 413; x_wconf 64' lang='grc' dir='ltr'><em>Λακεδαιμονίους</em></span> <span class='ocrx_word' id='word_1_19' title='bbox 812 357 934 411; x_wconf 77' lang='grc' dir='ltr'>ιῖ”,ιαι</span> <span class='ocrx_word' id='word_1_20' title='bbox 975 363 1069 402; x_wconf 74' lang='grc' dir='ltr'>τῶι</span> <span class='ocrx_word' id='word_1_21' title='bbox 1103 363 1182 415; x_wconf 74' lang='lat' dir='ltr'>niz·</span> <span class='ocrx_word' id='word_1_22' title='bbox 1220 359 1506 417; x_wconf 73' lang='grc' dir='ltr'><em>ι-γκλιμιάτωι·</em></span> 
     </span>
     <span class='ocr_line' id='line_1_4' title="bbox 25 420 1508 482; baseline 0.006 -19"><span class='ocrx_word' id='word_1_23' title='bbox 25 423 125 477; x_wconf 72' lang='grc' dir='ltr'><em>πέρι.</em></span> <span class='ocrx_word' id='word_1_24' title='bbox 155 424 292 479; x_wconf 63' lang='grc' dir='ltr'><em>μηδὲν</em></span> <span class='ocrx_word' id='word_1_25' title='bbox 323 420 745 482; x_wconf 51' lang='grc' dir='ltr'><em>ιῖπολογησαμι-’νους</em></span> <span class='ocrx_word' id='word_1_26' title='bbox 777 428 839 468; x_wconf 69' lang='grc' dir='ltr'>(οι</span> <span class='ocrx_word' id='word_1_27' title='bbox 870 427 912 468; x_wconf 85' lang='grc' dir='ltr'>αἱ</span> <span class='ocrx_word' id='word_1_28' title='bbox 940 426 1090 477; x_wconf 58' lang='grc' dir='ltr'>πόλεις</span> <span class='ocrx_word' id='word_1_29' title='bbox 1112 427 1387 479; x_wconf 69' lang='grc' dir='ltr'>ἑιικιὲλι-σαν,</span> <span class='ocrx_word' id='word_1_30' title='bbox 1419 447 1508 472; x_wconf 76' lang='lat' dir='ltr'>con-</span> 
     </span>
     <span class='ocr_line' id='line_1_5' title="bbox 27 495 1507 549; baseline 0.005 -17"><span class='ocrx_word' id='word_1_31' title='bbox 27 495 182 534; x_wconf 85' lang='lat' dir='ltr'>cludere</span> <span class='ocrx_word' id='word_1_32' title='bbox 221 502 378 547; x_wconf 77' lang='lat' dir='ltr'>oportet</span> <span class='ocrx_word' id='word_1_33' title='bbox 422 511 544 548; x_wconf 88' lang='lat' dir='ltr'>usque</span> <span class='ocrx_word' id='word_1_34' title='bbox 586 500 633 537; x_wconf 86' lang='lat' dir='ltr'>ad</span> <span class='ocrx_word' id='word_1_35' title='bbox 675 500 711 537; x_wconf 85' lang='lat' dir='ltr'>id</span> <span class='ocrx_word' id='word_1_36' title='bbox 755 503 908 549; x_wconf 83' lang='lat' dir='ltr'>tempus</span> <span class='ocrx_word' id='word_1_37' title='bbox 952 501 1107 539; x_wconf 87' lang='lat' dir='ltr'>omnino</span> <span class='ocrx_word' id='word_1_38' title='bbox 1150 502 1322 540; x_wconf 92' lang='lat' dir='ltr'>nondum</span> <span class='ocrx_word' id='word_1_39' title='bbox 1368 503 1507 540; x_wconf 72' lang='lat' dir='ltr'>laetam</span> 
     </span>
     <span class='ocr_line' id='line_1_6' title="bbox 27 565 1507 615; baseline 0.005 -15"><span class='ocrx_word' id='word_1_40' title='bbox 27 575 111 601; x_wconf 87' lang='lat' dir='ltr'>esse</span> <span class='ocrx_word' id='word_1_41' title='bbox 150 565 249 602; x_wconf 86' lang='lat' dir='ltr'>hanc</span> <span class='ocrx_word' id='word_1_42' title='bbox 287 567 651 615; x_wconf 74' lang='lat' dir='ltr'>reprehensionem,</span> <span class='ocrx_word' id='word_1_43' title='bbox 698 568 763 605; x_wconf 84' lang='lat' dir='ltr'>sed</span> <span class='ocrx_word' id='word_1_44' title='bbox 809 581 966 606; x_wconf 83' lang='lat' dir='ltr'>causam</span> <span class='ocrx_word' id='word_1_45' title='bbox 1011 581 1087 607; x_wconf 92' lang='lat' dir='ltr'>non</span> <span class='ocrx_word' id='word_1_46' title='bbox 1135 570 1352 608; x_wconf 84' lang='lat' dir='ltr'>indicantes</span> <span class='ocrx_word' id='word_1_47' title='bbox 1392 571 1507 608; x_wconf 89' lang='lat' dir='ltr'>Athe-</span> 
     </span>
     <span class='ocr_line' id='line_1_7' title="bbox 27 632 1508 684; baseline 0.005 -16"><span class='ocrx_word' id='word_1_48' title='bbox 27 632 184 670; x_wconf 87' lang='lat' dir='ltr'>nienses</span> <span class='ocrx_word' id='word_1_49' title='bbox 222 634 357 672; x_wconf 89' lang='lat' dir='ltr'>tulisse</span> <span class='ocrx_word' id='word_1_50' title='bbox 403 635 658 684; x_wconf 79' lang='lat' dir='ltr'>plebiscitum.</span> <span class='ocrx_word' id='word_1_51' title='bbox 726 636 1038 682; x_wconf 82' lang='lat' dir='ltr'>Lacedaemonii,</span> <span class='ocrx_word' id='word_1_52' title='bbox 1082 650 1167 674; x_wconf 90' lang='lat' dir='ltr'>cum</span> <span class='ocrx_word' id='word_1_53' title='bbox 1211 638 1508 676; x_wconf 73' lang='lat' dir='ltr'>Atheniensium</span> 
     </span>
     <span class='ocr_line' id='line_1_8' title="bbox 26 698 1509 753; baseline 0.004 -17"><span class='ocrx_word' id='word_1_54' title='bbox 26 698 145 748; x_wconf 87' lang='lat' dir='ltr'>legati</span> <span class='ocrx_word' id='word_1_55' title='bbox 185 700 339 739; x_wconf 87' lang='lat' dir='ltr'>domum</span> <span class='ocrx_word' id='word_1_56' title='bbox 385 704 658 753; x_wconf 88' lang='lat' dir='ltr'>revertissent,</span> <span class='ocrx_word' id='word_1_57' title='bbox 700 705 823 742; x_wconf 88' lang='lat' dir='ltr'>altero</span> <span class='ocrx_word' id='word_1_58' title='bbox 863 704 1048 753; x_wconf 83' lang='lat' dir='ltr'>synedrio</span> <span class='ocrx_word' id='word_1_59' title='bbox 1093 708 1227 743; x_wconf 80' lang='lat' dir='ltr'>coacto</span> <span class='ocrx_word' id='word_1_60' title='bbox 1275 718 1405 744; x_wconf 90' lang='lat' dir='ltr'>mense</span> <span class='ocrx_word' id='word_1_61' title='bbox 1445 719 1509 744; x_wconf 85' lang='lat' dir='ltr'>no-</span> 
     </span>
     <span class='ocr_line' id='line_1_9' title="bbox 26 768 1507 823; baseline 0.004 -19"><span class='ocrx_word' id='word_1_62' title='bbox 26 768 174 806; x_wconf 87' lang='lat' dir='ltr'>vembri</span> <span class='ocrx_word' id='word_1_63' title='bbox 215 772 296 808; x_wconf 83' lang='lat'>432</span> <span class='ocrx_word' id='word_1_64' title='bbox 340 769 402 816; x_wconf 88' lang='lat' dir='ltr'>(cf.</span> <span class='ocrx_word' id='word_1_65' title='bbox 435 771 558 809; x_wconf 90' lang='lat' dir='ltr'>Thuc.</span> <span class='ocrx_word' id='word_1_66' title='bbox 594 773 620 822; x_wconf 87' lang='lat' dir='ltr'>I,</span> <span class='ocrx_word' id='word_1_67' title='bbox 648 773 719 820; x_wconf 78' lang='lat'>883</span> <span class='ocrx_word' id='word_1_68' title='bbox 759 775 849 821; x_wconf 84' lang='lat'>113,</span> <span class='ocrx_word' id='word_1_69' title='bbox 881 776 922 821; x_wconf 79' lang='lat'>33</span> <span class='ocrx_word' id='word_1_70' title='bbox 969 773 1236 821; x_wconf 83' lang='lat' dir='ltr'>IIolzapselius</span> <span class='ocrx_word' id='word_1_71' title='bbox 1275 787 1310 823; x_wconf 88' lang='lat' dir='ltr'>p.</span> <span class='ocrx_word' id='word_1_72' title='bbox 1341 776 1405 823; x_wconf 98' lang='lat'>91,</span> <span class='ocrx_word' id='word_1_73' title='bbox 1442 774 1507 823; x_wconf 90' lang='lat' dir='ltr'>qui</span> 
     </span>
     <span class='ocr_line' id='line_1_10' title="bbox 26 835 1509 884; baseline 0.004 -11"><span class='ocrx_word' id='word_1_74' title='bbox 26 835 189 884; x_wconf 79' lang='lat' dir='ltr'>primam</span> <span class='ocrx_word' id='word_1_75' title='bbox 228 837 468 877; x_wconf 87' lang='lat' dir='ltr'>invasionem</span> <span class='ocrx_word' id='word_1_76' title='bbox 506 839 646 877; x_wconf 79' lang='lat' dir='ltr'>factam</span> <span class='ocrx_word' id='word_1_77' title='bbox 687 852 772 877; x_wconf 87' lang='lat' dir='ltr'>esse</span> <span class='ocrx_word' id='word_1_78' title='bbox 808 853 842 878; x_wconf 85' lang='lat' dir='ltr'>a.</span> <span class='ocrx_word' id='word_1_79' title='bbox 871 840 904 877; x_wconf 86' lang='lat' dir='ltr'>d.</span> <span class='ocrx_word' id='word_1_80' title='bbox 934 841 1022 877; x_wconf 78' lang='lat' dir='ltr'>VIII</span> <span class='ocrx_word' id='word_1_81' title='bbox 1056 841 1139 878; x_wconf 87' lang='lat' dir='ltr'>Kal.</span> <span class='ocrx_word' id='word_1_82' title='bbox 1169 842 1252 879; x_wconf 90' lang='lat' dir='ltr'>lun.</span> <span class='ocrx_word' id='word_1_83' title='bbox 1290 842 1509 879; x_wconf 76' lang='lat' dir='ltr'>luculenter</span> 
     </span>
     <span class='ocr_line' id='line_1_11' title="bbox 26 903 1508 958; baseline 0.003 -17"><span class='ocrx_word' id='word_1_84' title='bbox 26 903 224 953; x_wconf 82' lang='lat' dir='ltr'>probavit)</span> <span class='ocrx_word' id='word_1_85' title='bbox 270 905 414 944; x_wconf 89' lang='lat' dir='ltr'>bellum</span> <span class='ocrx_word' id='word_1_86' title='bbox 462 910 623 945; x_wconf 88' lang='lat' dir='ltr'>censent</span> <span class='ocrx_word' id='word_1_87' title='bbox 668 919 753 945; x_wconf 88' lang='lat' dir='ltr'>esse</span> <span class='ocrx_word' id='word_1_88' title='bbox 799 907 1027 956; x_wconf 87' lang='lat' dir='ltr'>gerendum.</span> <span class='ocrx_word' id='word_1_89' title='bbox 1086 908 1200 946; x_wconf 89' lang='lat' dir='ltr'>Tunc</span> <span class='ocrx_word' id='word_1_90' title='bbox 1248 909 1364 958; x_wconf 76' lang='lat' dir='ltr'>legati</span> <span class='ocrx_word' id='word_1_91' title='bbox 1413 910 1508 946; x_wconf 82' lang='lat' dir='ltr'>mitti</span> 
     </span>
     <span class='ocr_line' id='line_1_12' title="bbox 27 973 1508 1026; baseline 0.005 -18"><span class='ocrx_word' id='word_1_92' title='bbox 27 973 154 1021; x_wconf 88' lang='lat' dir='ltr'>coepti</span> <span class='ocrx_word' id='word_1_93' title='bbox 185 977 286 1011; x_wconf 87' lang='lat' dir='ltr'>sunt.</span> <span class='ocrx_word' id='word_1_94' title='bbox 345 975 444 1012; x_wconf 86' lang='lat' dir='ltr'>Tres</span> <span class='ocrx_word' id='word_1_95' title='bbox 472 978 693 1024; x_wconf 88' lang='lat' dir='ltr'>sequuntur</span> <span class='ocrx_word' id='word_1_96' title='bbox 715 976 941 1025; x_wconf 81' lang='lat' dir='ltr'>legationes,</span> <span class='ocrx_word' id='word_1_97' title='bbox 972 976 1094 1024; x_wconf 85' lang='lat' dir='ltr'>prima</span> <span class='ocrx_word' id='word_1_98' title='bbox 1126 976 1227 1026; x_wconf 88' lang='lat' dir='ltr'>(cap.</span> <span class='ocrx_word' id='word_1_99' title='bbox 1254 979 1345 1022; x_wconf 81' lang='lat'>126)</span> <span class='ocrx_word' id='word_1_100' title='bbox 1377 981 1508 1026; x_wconf 88' lang='lat' dir='ltr'>postu-</span> 
     </span>
     <span class='ocr_line' id='line_1_13' title="bbox 28 1034 1509 1093; baseline 0.005 -17"><span class='ocrx_word' id='word_1_101' title='bbox 28 1040 125 1085; x_wconf 89' lang='lat' dir='ltr'>lans,</span> <span class='ocrx_word' id='word_1_102' title='bbox 158 1043 200 1078; x_wconf 91' lang='lat' dir='ltr'>ut</span> <span class='ocrx_word' id='word_1_103' title='bbox 230 1041 492 1081; x_wconf 80' lang='lat' dir='ltr'>Athenienses</span> <span class='ocrx_word' id='word_1_104' title='bbox 523 1036 574 1079; x_wconf 78' lang='grc' dir='ltr'>τὸ</span> <span class='ocrx_word' id='word_1_105' title='bbox 610 1036 866 1081; x_wconf 67' lang='grc' dir='ltr'><em>Κυλώνειον</em></span> <span class='ocrx_word' id='word_1_106' title='bbox 897 1034 1001 1093; x_wconf 74' lang='grc' dir='ltr'><em>ἄγος</em></span> <span class='ocrx_word' id='word_1_107' title='bbox 1037 1045 1238 1092; x_wconf 72' lang='lat' dir='ltr'>sarcirent,</span> <span class='ocrx_word' id='word_1_108' title='bbox 1275 1058 1361 1082; x_wconf 90' lang='lat' dir='ltr'>cum</span> <span class='ocrx_word' id='word_1_109' title='bbox 1394 1045 1509 1083; x_wconf 88' lang='lat' dir='ltr'>Athe-</span> 
     </span>
     <span class='ocr_line' id='line_1_14' title="bbox 27 1103 1510 1162; baseline 0.004 -17"><span class='ocrx_word' id='word_1_110' title='bbox 27 1108 182 1146; x_wconf 86' lang='lat' dir='ltr'>nienses</span> <span class='ocrx_word' id='word_1_111' title='bbox 216 1110 287 1159; x_wconf 91' lang='lat' dir='ltr'>ipsi</span> <span class='ocrx_word' id='word_1_112' title='bbox 320 1110 657 1149; x_wconf 78' lang='lat' dir='ltr'>Lacedaemonios</span> <span class='ocrx_word' id='word_1_113' title='bbox 688 1112 867 1150; x_wconf 87' lang='lat' dir='ltr'>iuberent</span> <span class='ocrx_word' id='word_1_114' title='bbox 896 1109 947 1149; x_wconf 82' lang='grc' dir='ltr'>τὸ</span> <span class='ocrx_word' id='word_1_115' title='bbox 975 1107 1046 1148; x_wconf 78' lang='grc' dir='ltr'>ἐπὶ</span> <span class='ocrx_word' id='word_1_116' title='bbox 1074 1105 1289 1162; x_wconf 73' lang='grc' dir='ltr'><em>Ταινάρου</em></span> <span class='ocrx_word' id='word_1_117' title='bbox 1318 1103 1421 1162; x_wconf 60' lang='grc' dir='ltr'>ἄγος</span> <span class='ocrx_word' id='word_1_118' title='bbox 1452 1126 1510 1151; x_wconf 88' lang='lat' dir='ltr'>re-</span> 
     </span>
     <span class='ocr_line' id='line_1_15' title="bbox 27 1177 1509 1230; baseline 0.002 -16"><span class='ocrx_word' id='word_1_119' title='bbox 27 1189 184 1215; x_wconf 87' lang='lat' dir='ltr'>movere</span> <span class='ocrx_word' id='word_1_120' title='bbox 222 1177 322 1227; x_wconf 90' lang='lat' dir='ltr'>(cap.</span> <span class='ocrx_word' id='word_1_121' title='bbox 354 1177 461 1228; x_wconf 85' lang='lat'>128),</span> <span class='ocrx_word' id='word_1_122' title='bbox 499 1191 664 1228; x_wconf 86' lang='lat' dir='ltr'>quarum</span> <span class='ocrx_word' id='word_1_123' title='bbox 705 1180 942 1228; x_wconf 74' lang='lat' dir='ltr'>legationum</span> <span class='ocrx_word' id='word_1_124' title='bbox 982 1192 1108 1228; x_wconf 89' lang='lat' dir='ltr'>neque</span> <span class='ocrx_word' id='word_1_125' title='bbox 1148 1180 1344 1218; x_wconf 80' lang='lat' dir='ltr'>Diodorus</span> <span class='ocrx_word' id='word_1_126' title='bbox 1383 1193 1509 1230; x_wconf 83' lang='lat' dir='ltr'>neque</span> 
     </span>
     <span class='ocr_line' id='line_1_16' title="bbox 26 1245 1509 1297; baseline 0.001 -15"><span class='ocrx_word' id='word_1_127' title='bbox 26 1245 266 1283; x_wconf 79' lang='lat' dir='ltr'>Plutarchus</span> <span class='ocrx_word' id='word_1_128' title='bbox 298 1248 531 1285; x_wconf 86' lang='lat' dir='ltr'>mentionem</span> <span class='ocrx_word' id='word_1_129' title='bbox 564 1247 667 1296; x_wconf 85' lang='lat' dir='ltr'>fecit,</span> <span class='ocrx_word' id='word_1_130' title='bbox 705 1248 846 1285; x_wconf 86' lang='lat' dir='ltr'>deinde</span> <span class='ocrx_word' id='word_1_131' title='bbox 879 1249 1002 1285; x_wconf 85' lang='lat' dir='ltr'>altera</span> <span class='ocrx_word' id='word_1_132' title='bbox 1039 1247 1180 1297; x_wconf 86' lang='lat' dir='ltr'>(Thuc.</span> <span class='ocrx_word' id='word_1_133' title='bbox 1210 1250 1236 1297; x_wconf 92' lang='lat' dir='ltr'>I,</span> <span class='ocrx_word' id='word_1_134' title='bbox 1268 1250 1363 1291; x_wconf 81' lang='lat'>1393</span> <span class='ocrx_word' id='word_1_135' title='bbox 1399 1247 1509 1286; x_wconf 81' lang='lat' dir='ltr'>Diod.</span> 
     </span>
     <span class='ocr_line' id='line_1_17' title="bbox 26 1313 1510 1365; baseline 0.002 -15"><span class='ocrx_word' id='word_1_136' title='bbox 26 1313 111 1363; x_wconf 87' lang='lat' dir='ltr'>XII,</span> <span class='ocrx_word' id='word_1_137' title='bbox 133 1316 197 1361; x_wconf 85' lang='lat'>39,</span> <span class='ocrx_word' id='word_1_138' title='bbox 219 1317 264 1364; x_wconf 83' lang='lat'>43</span> <span class='ocrx_word' id='word_1_139' title='bbox 294 1315 396 1353; x_wconf 82' lang='lat' dir='ltr'>Plut..</span> <span class='ocrx_word' id='word_1_140' title='bbox 420 1316 505 1353; x_wconf 85' lang='lat' dir='ltr'>Per.</span> <span class='ocrx_word' id='word_1_141' title='bbox 529 1317 592 1365; x_wconf 89' lang='grc'>29,</span> <span class='ocrx_word' id='word_1_142' title='bbox 615 1314 655 1361; x_wconf 70' lang='grc'>3)</span> <span class='ocrx_word' id='word_1_143' title='bbox 688 1328 788 1365; x_wconf 85' lang='lat' dir='ltr'>quae</span> <span class='ocrx_word' id='word_1_144' title='bbox 820 1318 910 1354; x_wconf 84' lang='lat' dir='ltr'>ante</span> <span class='ocrx_word' id='word_1_145' title='bbox 939 1317 1068 1353; x_wconf 91' lang='lat' dir='ltr'>omnia</span> <span class='ocrx_word' id='word_1_146' title='bbox 1099 1316 1283 1364; x_wconf 82' lang='lat' dir='ltr'>postulat,</span> <span class='ocrx_word' id='word_1_147' title='bbox 1316 1319 1357 1353; x_wconf 88' lang='lat' dir='ltr'>ut</span> <span class='ocrx_word' id='word_1_148' title='bbox 1380 1316 1510 1354; x_wconf 85' lang='lat' dir='ltr'>decre-</span> 
     </span>
     <span class='ocr_line' id='line_1_18' title="bbox 26 1372 1507 1434; baseline 0 -15"><span class='ocrx_word' id='word_1_149' title='bbox 26 1384 105 1419; x_wconf 87' lang='lat' dir='ltr'>tum</span> <span class='ocrx_word' id='word_1_150' title='bbox 130 1383 369 1431; x_wconf 83' lang='lat' dir='ltr'>Megaricum</span> <span class='ocrx_word' id='word_1_151' title='bbox 393 1383 564 1421; x_wconf 86' lang='lat' dir='ltr'>tollatur.</span> <span class='ocrx_word' id='word_1_152' title='bbox 626 1384 703 1420; x_wconf 88' lang='lat' dir='ltr'>lam</span> <span class='ocrx_word' id='word_1_153' title='bbox 736 1384 867 1432; x_wconf 90' lang='lat' dir='ltr'>pergit</span> <span class='ocrx_word' id='word_1_154' title='bbox 894 1384 1017 1421; x_wconf 69' lang='lat' dir='ltr'>&#39;.I¹l1uc</span> <span class='ocrx_word' id='word_1_155' title='bbox 1049 1377 1090 1420; x_wconf 80' lang='grc' dir='ltr'>οἱΙ</span> <span class='ocrx_word' id='word_1_156' title='bbox 1123 1372 1199 1420; x_wconf 78' lang='grc' dir='ltr'><em>ὁ</em></span> <span class='ocrx_word' id='word_1_157' title='bbox 1197 1374 1405 1434; x_wconf 67' lang='grc' dir='ltr'>1θηιαῖοι</span> <span class='ocrx_word' id='word_1_158' title='bbox 1437 1375 1507 1419; x_wconf 65' lang='grc' dir='ltr'>οῖ’-</span> 
     </span>
     <span class='ocr_line' id='line_1_19' title="bbox 26 1435 1510 1502; baseline 0 -16"><span class='ocrx_word' id='word_1_159' title='bbox 26 1460 73 1486; x_wconf 81' lang='grc' dir='ltr'>τε</span> <span class='ocrx_word' id='word_1_160' title='bbox 104 1435 240 1487; x_wconf 78' lang='grc' dir='ltr'><em>τᾶλλα</em></span> <span class='ocrx_word' id='word_1_161' title='bbox 272 1439 502 1502; x_wconf 62' lang='grc' dir='ltr'><em>ὗπὴκούον</em></span> <span class='ocrx_word' id='word_1_162' title='bbox 535 1443 588 1487; x_wconf 74' lang='lat' dir='ltr'>oi</span> <span class='ocrx_word' id='word_1_163' title='bbox 592 1462 637 1487; x_wconf 74' lang='grc' dir='ltr'>τε</span> <span class='ocrx_word' id='word_1_164' title='bbox 674 1462 726 1487; x_wconf 89' lang='grc' dir='ltr'>το</span> <span class='ocrx_word' id='word_1_165' title='bbox 760 1443 956 1502; x_wconf 62' lang='grc' dir='ltr'><em>ιιὴφισιια</em></span> <span class='ocrx_word' id='word_1_166' title='bbox 987 1443 1219 1502; x_wconf 64' lang='grc' dir='ltr'><em>καθηρουι</em></span> <span class='ocrx_word' id='word_1_167' title='bbox 1250 1445 1510 1487; x_wconf 44' lang='lat' dir='ltr'>gmxajfomu</span> 
     </span>
     <span class='ocr_line' id='line_1_20' title="bbox 25 1508 1509 1570; baseline 0 -17"><span class='ocrx_word' id='word_1_168' title='bbox 25 1527 96 1561; x_wconf 58' lang='grc' dir='ltr'>τες</span> <span class='ocrx_word' id='word_1_169' title='bbox 127 1511 391 1567; x_wconf 75' lang='grc' dir='ltr'><em>ἑπεργασίαν</em></span> <span class='ocrx_word' id='word_1_170' title='bbox 421 1514 668 1567; x_wconf 57' lang='lat' dir='ltr'>[myaces-oc</span> <span class='ocrx_word' id='word_1_171' title='bbox 704 1515 780 1569; x_wconf 75' lang='grc' dir='ltr'>τῆς</span> <span class='ocrx_word' id='word_1_172' title='bbox 810 1515 885 1569; x_wconf 75' lang='grc' dir='ltr'>γῆς</span> <span class='ocrx_word' id='word_1_173' title='bbox 920 1515 995 1570; x_wconf 66' lang='grc' dir='ltr'>τῆς</span> <span class='ocrx_word' id='word_1_174' title='bbox 1026 1512 1144 1567; x_wconf 73' lang='grc' dir='ltr'><em>ἱερᾶς</em></span> <span class='ocrx_word' id='word_1_175' title='bbox 1180 1513 1251 1554; x_wconf 79' lang='grc' dir='ltr'>καὶ</span> <span class='ocrx_word' id='word_1_176' title='bbox 1288 1515 1363 1569; x_wconf 63' lang='grc' dir='ltr'>τῆς</span> <span class='ocrx_word' id='word_1_177' title='bbox 1396 1508 1509 1567; x_wconf 69' lang='grc' dir='ltr'><em>ἄορί-</em></span> 
     </span>
     <span class='ocr_line' id='line_1_21' title="bbox 26 1574 1511 1637; baseline 0.001 -16"><span class='ocrx_word' id='word_1_178' title='bbox 26 1591 135 1622; x_wconf 79' lang='grc' dir='ltr'><em>στου</em></span> <span class='ocrx_word' id='word_1_179' title='bbox 171 1581 244 1622; x_wconf 87' lang='grc' dir='ltr'>καὶ</span> <span class='ocrx_word' id='word_1_180' title='bbox 282 1576 580 1636; x_wconf 72' lang='grc' dir='ltr'><em>ἀνδραπόδων</em></span> <span class='ocrx_word' id='word_1_181' title='bbox 619 1574 844 1637; x_wconf 65' lang='grc' dir='ltr'><em>ὖποὸόχὴν</em></span> <span class='ocrx_word' id='word_1_182' title='bbox 883 1583 976 1622; x_wconf 76' lang='grc' dir='ltr'>τῶν</span> <span class='ocrx_word' id='word_1_183' title='bbox 1012 1575 1336 1635; x_wconf 68' lang='grc' dir='ltr'><em>ἀφισταμένων.</em></span> <span class='ocrx_word' id='word_1_184' title='bbox 1397 1586 1511 1623; x_wconf 87' lang='lat' dir='ltr'>Tunc</span> 
     </span>
     <span class='ocr_line' id='line_1_22' title="bbox 27 1653 1511 1703; baseline 0 -13"><span class='ocrx_word' id='word_1_185' title='bbox 27 1653 147 1701; x_wconf 82' lang='lat' dir='ltr'>igItur</span> <span class='ocrx_word' id='word_1_186' title='bbox 178 1653 330 1691; x_wconf 87' lang='lat' dir='ltr'>demum</span> <span class='ocrx_word' id='word_1_187' title='bbox 365 1655 437 1691; x_wconf 92' lang='lat' dir='ltr'>hoc</span> <span class='ocrx_word' id='word_1_188' title='bbox 469 1653 721 1703; x_wconf 87' lang='lat' dir='ltr'>opprobrium</span> <span class='ocrx_word' id='word_1_189' title='bbox 755 1654 865 1703; x_wconf 81' lang='lat' dir='ltr'>quasi</span> <span class='ocrx_word' id='word_1_190' title='bbox 899 1665 1017 1691; x_wconf 86' lang='lat' dir='ltr'>causa</span> <span class='ocrx_word' id='word_1_191' title='bbox 1045 1654 1264 1702; x_wconf 88' lang='lat' dir='ltr'>oppositum</span> <span class='ocrx_word' id='word_1_192' title='bbox 1288 1656 1347 1690; x_wconf 89' lang='lat' dir='ltr'>est</span> <span class='ocrx_word' id='word_1_193' title='bbox 1381 1654 1511 1702; x_wconf 84' lang='lat' dir='ltr'>Mega-</span> 
     </span>
     <span class='ocr_line' id='line_1_23' title="bbox 27 1720 1510 1770; baseline -0.001 -12"><span class='ocrx_word' id='word_1_194' title='bbox 27 1721 219 1767; x_wconf 84' lang='lat' dir='ltr'>rensibus,</span> <span class='ocrx_word' id='word_1_195' title='bbox 243 1724 284 1759; x_wconf 91' lang='lat' dir='ltr'>ut</span> <span class='ocrx_word' id='word_1_196' title='bbox 307 1733 392 1759; x_wconf 89' lang='lat' dir='ltr'>eum</span> <span class='ocrx_word' id='word_1_197' title='bbox 410 1721 647 1770; x_wconf 84' lang='lat' dir='ltr'>Thucydide</span> <span class='ocrx_word' id='word_1_198' title='bbox 671 1722 807 1770; x_wconf 88' lang='lat' dir='ltr'>utique</span> <span class='ocrx_word' id='word_1_199' title='bbox 830 1725 1023 1769; x_wconf 80' lang='lat' dir='ltr'>congruat</span> <span class='ocrx_word' id='word_1_200' title='bbox 1039 1721 1278 1758; x_wconf 81' lang='lat' dir='ltr'>Plutarchus</span> <span class='ocrx_word' id='word_1_201' title='bbox 1301 1720 1439 1758; x_wconf 89' lang='lat' dir='ltr'>Periel.</span> <span class='ocrx_word' id='word_1_202' title='bbox 1458 1723 1510 1758; x_wconf 89' lang='lat'>30</span> 
     </span>
     <span class='ocr_line' id='line_1_24' title="bbox 27 1777 1509 1840; baseline -0.001 -15"><span class='ocrx_word' id='word_1_203' title='bbox 27 1781 183 1840; x_wconf 73' lang='grc' dir='ltr'><em>κοινὴν</em></span> <span class='ocrx_word' id='word_1_204' title='bbox 213 1784 257 1825; x_wconf 69' lang='grc' dir='ltr'>δὲ</span> <span class='ocrx_word' id='word_1_205' title='bbox 290 1784 361 1825; x_wconf 80' lang='grc' dir='ltr'>καὶ</span> <span class='ocrx_word' id='word_1_206' title='bbox 395 1781 591 1838; x_wconf 75' lang='grc' dir='ltr'><em>φανερὰν</em></span> <span class='ocrx_word' id='word_1_207' title='bbox 611 1781 905 1839; x_wconf 69' lang='grc' dir='ltr'><em>ποιησάμενος</em></span> <span class='ocrx_word' id='word_1_208' title='bbox 928 1783 1073 1824; x_wconf 86' lang='grc' dir='ltr'><em>αἰτίαν</em></span> <span class='ocrx_word' id='word_1_209' title='bbox 1103 1777 1198 1824; x_wconf 74' lang='grc' dir='ltr'><em>κατ’</em></span> <span class='ocrx_word' id='word_1_210' title='bbox 1221 1779 1372 1824; x_wconf 64' lang='grc' dir='ltr'><em>αὕτῶν</em></span> <span class='ocrx_word' id='word_1_211' title='bbox 1403 1777 1509 1824; x_wconf 72' lang='grc' dir='ltr'><em>ἀπο-</em></span> 
     </span>
     <span class='ocr_line' id='line_1_25' title="bbox 26 1846 1510 1908; baseline -0.001 -15"><span class='ocrx_word' id='word_1_212' title='bbox 26 1852 261 1906; x_wconf 72' lang='grc' dir='ltr'><em>τέμνεσθαι</em></span> <span class='ocrx_word' id='word_1_213' title='bbox 299 1850 379 1908; x_wconf 67' lang='grc' dir='ltr'>τὴν</span> <span class='ocrx_word' id='word_1_214' title='bbox 417 1850 538 1906; x_wconf 73' lang='grc' dir='ltr'><em>ἱερὰν</em></span> <span class='ocrx_word' id='word_1_215' title='bbox 574 1847 740 1906; x_wconf 78' lang='grc' dir='ltr'><em>ὀργάδα</em></span> <span class='ocrx_word' id='word_1_216' title='bbox 777 1849 934 1906; x_wconf 64' lang='grc' dir='ltr'>γράφει,</span> <span class='ocrx_word' id='word_1_217' title='bbox 964 1847 1167 1908; x_wconf 65' lang='grc' dir='ltr'><em>ψήφισμα</em></span> <span class='ocrx_word' id='word_1_218' title='bbox 1205 1846 1373 1907; x_wconf 63' lang='grc' dir='ltr'><em>κήρυκα</em></span> <span class='ocrx_word' id='word_1_219' title='bbox 1410 1866 1510 1905; x_wconf 77' lang='grc' dir='ltr'><em>πεμ-</em></span> 
     </span>
     <span class='ocr_line' id='line_1_26' title="bbox 27 1913 1512 1976; baseline -0.001 -15"><span class='ocrx_word' id='word_1_220' title='bbox 27 1922 199 1976; x_wconf 72' lang='grc' dir='ltr'><em>φθῆναι</em></span> <span class='ocrx_word' id='word_1_221' title='bbox 239 1918 352 1974; x_wconf 78' lang='grc' dir='ltr'><em>πρὸς</em></span> <span class='ocrx_word' id='word_1_222' title='bbox 383 1913 548 1969; x_wconf 48' lang='lat' dir='ltr'>custode</span> <span class='ocrx_word' id='word_1_223' title='bbox 587 1921 659 1961; x_wconf 85' lang='grc' dir='ltr'>καὶ</span> <span class='ocrx_word' id='word_1_224' title='bbox 700 1917 811 1974; x_wconf 70' lang='grc' dir='ltr'><em>πρὸς</em></span> <span class='ocrx_word' id='word_1_225' title='bbox 843 1919 1219 1972; x_wconf 71' lang='grc' dir='ltr'><em>Λακεδαιμονίους</em></span> <span class='ocrx_word' id='word_1_226' title='bbox 1257 1913 1338 1959; x_wconf 77' lang='grc' dir='ltr'>τὸν</span> <span class='ocrx_word' id='word_1_227' title='bbox 1374 1913 1512 1959; x_wconf 64' lang='grc' dir='ltr'><em>αὖτὸν</em></span> 
     </span>
     <span class='ocr_line' id='line_1_27' title="bbox 27 1976 1511 2047; baseline -0.002 -19"><span class='ocrx_word' id='word_1_228' title='bbox 27 1989 366 2042; x_wconf 71' lang='grc' dir='ltr'><em>κατηγοροῦντα</em></span> <span class='ocrx_word' id='word_1_229' title='bbox 396 1988 490 2047; x_wconf 76' lang='grc' dir='ltr'>τῶν</span> <span class='ocrx_word' id='word_1_230' title='bbox 523 1987 772 2041; x_wconf 71' lang='grc' dir='ltr'><em>Μεγαρέων.</em></span> <span class='ocrx_word' id='word_1_231' title='bbox 824 1988 957 2027; x_wconf 76' lang='grc' dir='ltr'><em>τοῦτο</em></span> <span class='ocrx_word' id='word_1_232' title='bbox 994 1986 1074 2039; x_wconf 72' lang='grc' dir='ltr'>μὲν</span> <span class='ocrx_word' id='word_1_233' title='bbox 1111 1976 1193 2027; x_wconf 73' lang='grc' dir='ltr'>οὖν</span> <span class='ocrx_word' id='word_1_234' title='bbox 1230 1983 1280 2026; x_wconf 78' lang='grc' dir='ltr'>τὸ</span> <span class='ocrx_word' id='word_1_235' title='bbox 1314 1982 1511 2041; x_wconf 57' lang='grc' dir='ltr'><em>ψήφισμα</em></span> 
     </span>
     <span class='ocr_line' id='line_1_28' title="bbox 28 2054 1510 2109; baseline -0.001 -13"><span class='ocrx_word' id='word_1_236' title='bbox 28 2055 293 2109; x_wconf 74' lang='grc' dir='ltr'><em>Περικλέους</em></span> <span class='ocrx_word' id='word_1_237' title='bbox 324 2054 456 2105; x_wconf 75' lang='grc' dir='ltr'><em>ἐστίν,</em></span> <span class='ocrx_word' id='word_1_238' title='bbox 494 2059 567 2096; x_wconf 81' lang='lat' dir='ltr'>nisi</span> <span class='ocrx_word' id='word_1_239' title='bbox 605 2059 710 2108; x_wconf 89' lang='lat' dir='ltr'>quod</span> <span class='ocrx_word' id='word_1_240' title='bbox 743 2071 765 2095; x_wconf 88' lang='lat' dir='ltr'>a</span> <span class='ocrx_word' id='word_1_241' title='bbox 796 2058 1010 2096; x_wconf 87' lang='lat' dir='ltr'>Plutarcho</span> <span class='ocrx_word' id='word_1_242' title='bbox 1050 2058 1235 2095; x_wconf 87' lang='lat' dir='ltr'>discimus</span> <span class='ocrx_word' id='word_1_243' title='bbox 1275 2069 1352 2094; x_wconf 91' lang='lat' dir='ltr'>non</span> <span class='ocrx_word' id='word_1_244' title='bbox 1385 2058 1510 2094; x_wconf 90' lang='lat' dir='ltr'>solum</span> 
     </span>
     <span class='ocr_line' id='line_1_29' title="bbox 29 2124 1512 2175; baseline -0.002 -11"><span class='ocrx_word' id='word_1_245' title='bbox 29 2126 350 2164; x_wconf 80' lang='lat' dir='ltr'>Lacedaemoniis</span> <span class='ocrx_word' id='word_1_246' title='bbox 380 2127 474 2164; x_wconf 87' lang='lat' dir='ltr'>talia</span> <span class='ocrx_word' id='word_1_247' title='bbox 496 2126 748 2175; x_wconf 83' lang='lat' dir='ltr'>respondisse</span> <span class='ocrx_word' id='word_1_248' title='bbox 770 2126 1044 2174; x_wconf 82' lang='lat' dir='ltr'>Athenienses,</span> <span class='ocrx_word' id='word_1_249' title='bbox 1074 2124 1143 2162; x_wconf 87' lang='lat' dir='ltr'>sed</span> <span class='ocrx_word' id='word_1_250' title='bbox 1171 2125 1341 2173; x_wconf 88' lang='lat' dir='ltr'>legatum</span> <span class='ocrx_word' id='word_1_251' title='bbox 1366 2124 1512 2162; x_wconf 83' lang='lat' dir='ltr'>misisse</span> 
     </span>
     <span class='ocr_line' id='line_1_30' title="bbox 30 2193 1510 2243; baseline -0.003 -10"><span class='ocrx_word' id='word_1_252' title='bbox 30 2197 68 2232; x_wconf 80' lang='lat' dir='ltr'>et</span> <span class='ocrx_word' id='word_1_253' title='bbox 97 2195 394 2243; x_wconf 82' lang='lat' dir='ltr'>Megarensibus</span> <span class='ocrx_word' id='word_1_254' title='bbox 426 2197 463 2232; x_wconf 89' lang='lat' dir='ltr'>et</span> <span class='ocrx_word' id='word_1_255' title='bbox 494 2193 820 2232; x_wconf 82' lang='lat' dir='ltr'>Lacedaemoniis</span> <span class='ocrx_word' id='word_1_256' title='bbox 852 2206 897 2231; x_wconf 88' lang='lat' dir='ltr'>ea</span> <span class='ocrx_word' id='word_1_257' title='bbox 929 2193 1136 2238; x_wconf 77' lang='lat' dir='ltr'>dict-urum,</span> <span class='ocrx_word' id='word_1_258' title='bbox 1169 2205 1283 2242; x_wconf 89' lang='lat' dir='ltr'>quem</span> <span class='ocrx_word' id='word_1_259' title='bbox 1317 2205 1393 2230; x_wconf 87' lang='lat' dir='ltr'>una</span> <span class='ocrx_word' id='word_1_260' title='bbox 1425 2204 1510 2229; x_wconf 84' lang='lat' dir='ltr'>cnm</span> 
     </span>
     <span class='ocr_line' id='line_1_31' title="bbox 29 2259 1511 2310; baseline -0.003 -10"><span class='ocrx_word' id='word_1_261' title='bbox 29 2262 427 2300; x_wconf 84' lang='lat' dir='ltr'>Lacedaemoniorum</span> <span class='ocrx_word' id='word_1_262' title='bbox 460 2262 601 2310; x_wconf 82' lang='lat' dir='ltr'>legatis</span> <span class='ocrx_word' id='word_1_263' title='bbox 632 2261 796 2299; x_wconf 88' lang='lat' dir='ltr'>Athenis</span> <span class='ocrx_word' id='word_1_264' title='bbox 827 2273 911 2299; x_wconf 89' lang='lat' dir='ltr'>esse</span> <span class='ocrx_word' id='word_1_265' title='bbox 944 2260 1161 2309; x_wconf 89' lang='lat' dir='ltr'>profectum</span> <span class='ocrx_word' id='word_1_266' title='bbox 1194 2259 1354 2297; x_wconf 85' lang='lat' dir='ltr'>credere</span> <span class='ocrx_word' id='word_1_267' title='bbox 1376 2270 1511 2308; x_wconf 90' lang='lat' dir='ltr'>possu-</span> 
     </span>
     <span class='ocr_line' id='line_1_32' title="bbox 28 2327 1511 2378; baseline -0.003 -11"><span class='ocrx_word' id='word_1_268' title='bbox 28 2341 127 2367; x_wconf 90' lang='lat' dir='ltr'>mus.</span> <span class='ocrx_word' id='word_1_269' title='bbox 187 2329 311 2377; x_wconf 79' lang='lat' dir='ltr'>Qucm</span> <span class='ocrx_word' id='word_1_270' title='bbox 344 2330 383 2367; x_wconf 93' lang='lat' dir='ltr'>in</span> <span class='ocrx_word' id='word_1_271' title='bbox 405 2329 467 2367; x_wconf 87' lang='lat' dir='ltr'>via</span> <span class='ocrx_word' id='word_1_272' title='bbox 490 2330 653 2378; x_wconf 84' lang='lat' dir='ltr'>Megara</span> <span class='ocrx_word' id='word_1_273' title='bbox 684 2340 769 2366; x_wconf 92' lang='lat' dir='ltr'>cum</span> <span class='ocrx_word' id='word_1_274' title='bbox 795 2329 977 2373; x_wconf 77' lang='lat' dir='ltr'>venisset,</span> <span class='ocrx_word' id='word_1_275' title='bbox 1010 2330 1076 2365; x_wconf 90' lang='lat' dir='ltr'>aut</span> <span class='ocrx_word' id='word_1_276' title='bbox 1097 2327 1396 2365; x_wconf 83' lang='lat' dir='ltr'>Lacedaemona</span> <span class='ocrx_word' id='word_1_277' title='bbox 1423 2339 1511 2375; x_wconf 90' lang='lat' dir='ltr'>pro-</span> 
     </span>
     <span class='ocr_line' id='line_1_33' title="bbox 29 2395 1513 2442; baseline -0.002 -7"><span class='ocrx_word' id='word_1_278' title='bbox 29 2397 267 2436; x_wconf 90' lang='lat' dir='ltr'>ficiscentem</span> <span class='ocrx_word' id='word_1_279' title='bbox 299 2401 367 2435; x_wconf 90' lang='lat' dir='ltr'>aut</span> <span class='ocrx_word' id='word_1_280' title='bbox 393 2396 484 2434; x_wconf 84' lang='lat' dir='ltr'>inde</span> <span class='ocrx_word' id='word_1_281' title='bbox 510 2398 786 2442; x_wconf 86' lang='lat' dir='ltr'>revertentem,</span> <span class='ocrx_word' id='word_1_282' title='bbox 817 2395 1065 2433; x_wconf 81' lang='lat' dir='ltr'>interfectum</span> <span class='ocrx_word' id='word_1_283' title='bbox 1090 2407 1174 2433; x_wconf 87' lang='lat' dir='ltr'>esse</span> <span class='ocrx_word' id='word_1_284' title='bbox 1206 2395 1443 2433; x_wconf 83' lang='lat' dir='ltr'>Plutarchus</span> <span class='ocrx_word' id='word_1_285' title='bbox 1476 2397 1513 2432; x_wconf 83' lang='lat' dir='ltr'>et</span> 
     </span>
     <span class='ocr_line' id='line_1_34' title="bbox 28 2453 1511 2513; baseline -0.003 -11"><span class='ocrx_word' id='word_1_286' title='bbox 28 2465 318 2513; x_wconf 86' lang='lat' dir='ltr'>Harpocration</span> <span class='ocrx_word' id='word_1_287' title='bbox 349 2477 377 2502; x_wconf 89' lang='lat' dir='ltr'>s.</span> <span class='ocrx_word' id='word_1_288' title='bbox 400 2477 433 2500; x_wconf 90' lang='lat' dir='ltr'>v.</span> <span class='ocrx_word' id='word_1_289' title='bbox 458 2453 795 2513; x_wconf 63' lang='grc' dir='ltr'><em>,Ἀνθεμόκριτος</em></span> <span class='ocrx_word' id='word_1_290' title='bbox 826 2463 935 2500; x_wconf 88' lang='lat' dir='ltr'>Isaeo</span> <span class='ocrx_word' id='word_1_291' title='bbox 969 2462 1076 2500; x_wconf 89' lang='lat' dir='ltr'>nisus</span> <span class='ocrx_word' id='word_1_292' title='bbox 1107 2465 1271 2500; x_wconf 89' lang='lat' dir='ltr'>narrant</span> <span class='ocrx_word' id='word_1_293' title='bbox 1307 2461 1371 2509; x_wconf 89' lang='lat' dir='ltr'>(cf.</span> <span class='ocrx_word' id='word_1_294' title='bbox 1397 2462 1511 2500; x_wconf 85' lang='lat' dir='ltr'>Paus.</span> 
     </span>
     <span class='ocr_line' id='line_1_35' title="bbox 31 2529 1508 2581; baseline -0.003 -12"><span class='ocrx_word' id='word_1_295' title='bbox 31 2533 59 2580; x_wconf 95' lang='lat' dir='ltr'>I,</span> <span class='ocrx_word' id='word_1_296' title='bbox 81 2534 145 2581; x_wconf 84' lang='lat'>36,</span> <span class='ocrx_word' id='word_1_297' title='bbox 168 2534 218 2573; x_wconf 86' lang='lat'>3).</span> <span class='ocrx_word' id='word_1_298' title='bbox 278 2531 392 2579; x_wconf 78' lang='lat' dir='ltr'>Quod</span> <span class='ocrx_word' id='word_1_299' title='bbox 417 2543 503 2569; x_wconf 90' lang='lat' dir='ltr'>cum</span> <span class='ocrx_word' id='word_1_300' title='bbox 528 2531 803 2579; x_wconf 87' lang='lat' dir='ltr'>cognovissent</span> <span class='ocrx_word' id='word_1_301' title='bbox 825 2529 1096 2577; x_wconf 86' lang='lat' dir='ltr'>Athenienses,</span> <span class='ocrx_word' id='word_1_302' title='bbox 1118 2529 1233 2566; x_wconf 86' lang='lat' dir='ltr'>simul</span> <span class='ocrx_word' id='word_1_303' title='bbox 1255 2530 1371 2566; x_wconf 87' lang='lat' dir='ltr'>tertia</span> <span class='ocrx_word' id='word_1_304' title='bbox 1394 2529 1508 2566; x_wconf 88' lang='lat' dir='ltr'>missa</span> 
     </span>
     <span class='ocr_line' id='line_1_36' title="bbox 31 2586 1510 2647; baseline -0.003 -11"><span class='ocrx_word' id='word_1_305' title='bbox 31 2599 227 2646; x_wconf 81' lang='lat' dir='ltr'>legatione</span> <span class='ocrx_word' id='word_1_306' title='bbox 259 2611 360 2647; x_wconf 86' lang='lat' dir='ltr'>quae</span> <span class='ocrx_word' id='word_1_307' title='bbox 390 2598 538 2636; x_wconf 87' lang='lat' dir='ltr'>bellum</span> <span class='ocrx_word' id='word_1_308' title='bbox 571 2597 791 2635; x_wconf 84' lang='lat' dir='ltr'>declararet</span> <span class='ocrx_word' id='word_1_309' title='bbox 822 2595 963 2642; x_wconf 84' lang='lat' dir='ltr'>(Thnc.</span> <span class='ocrx_word' id='word_1_310' title='bbox 992 2597 1019 2644; x_wconf 92' lang='lat' dir='ltr'>I,</span> <span class='ocrx_word' id='word_1_311' title='bbox 1052 2598 1140 2641; x_wconf 86' lang='lat'>139,</span> <span class='ocrx_word' id='word_1_312' title='bbox 1170 2594 1223 2645; x_wconf 90' lang='grc'>3),</span> <span class='ocrx_word' id='word_1_313' title='bbox 1258 2586 1510 2633; x_wconf 75' lang='lat' dir='ltr'>a&#39;Lacedae-</span> 
     </span>
     <span class='ocr_line' id='line_1_37' title="bbox 31 2663 1512 2712; baseline -0.001 -10"><span class='ocrx_word' id='word_1_314' title='bbox 31 2666 170 2703; x_wconf 88' lang='lat' dir='ltr'>moniis</span> <span class='ocrx_word' id='word_1_315' title='bbox 201 2665 331 2702; x_wconf 83' lang='lat' dir='ltr'>verbis</span> <span class='ocrx_word' id='word_1_316' title='bbox 363 2665 457 2702; x_wconf 91' lang='lat' dir='ltr'>nihil</span> <span class='ocrx_word' id='word_1_317' title='bbox 488 2664 588 2702; x_wconf 85' lang='lat' dir='ltr'>effici</span> <span class='ocrx_word' id='word_1_318' title='bbox 620 2664 908 2712; x_wconf 86' lang='lat' dir='ltr'>intellegentes,</span> <span class='ocrx_word' id='word_1_319' title='bbox 945 2663 1028 2700; x_wconf 89' lang='lat' dir='ltr'>fere</span> <span class='ocrx_word' id='word_1_320' title='bbox 1060 2663 1195 2700; x_wconf 86' lang='lat' dir='ltr'>eodem</span> <span class='ocrx_word' id='word_1_321' title='bbox 1228 2666 1402 2711; x_wconf 90' lang='lat' dir='ltr'>tempore</span> <span class='ocrx_word' id='word_1_322' title='bbox 1434 2675 1512 2711; x_wconf 91' lang='lat' dir='ltr'>quo</span> 
     </span>
     <span class='ocr_line' id='line_1_38' title="bbox 31 2729 1509 2779; baseline -0.003 -9"><span class='ocrx_word' id='word_1_323' title='bbox 31 2732 173 2770; x_wconf 85' lang='lat' dir='ltr'>bellum</span> <span class='ocrx_word' id='word_1_324' title='bbox 206 2731 447 2770; x_wconf 87' lang='lat' dir='ltr'>declaratum</span> <span class='ocrx_word' id='word_1_325' title='bbox 481 2734 541 2768; x_wconf 88' lang='lat' dir='ltr'>est</span> <span class='ocrx_word' id='word_1_326' title='bbox 578 2734 645 2768; x_wconf 86' lang='lat' dir='ltr'>aut</span> <span class='ocrx_word' id='word_1_327' title='bbox 676 2730 770 2779; x_wconf 88' lang='lat' dir='ltr'>quin</span> <span class='ocrx_word' id='word_1_328' title='bbox 803 2730 1075 2768; x_wconf 88' lang='lat' dir='ltr'>declararetur</span> <span class='ocrx_word' id='word_1_329' title='bbox 1114 2729 1293 2767; x_wconf 86' lang='lat' dir='ltr'>dubitare</span> <span class='ocrx_word' id='word_1_330' title='bbox 1326 2742 1402 2766; x_wconf 87' lang='lat' dir='ltr'>non</span> <span class='ocrx_word' id='word_1_331' title='bbox 1437 2730 1509 2767; x_wconf 90' lang='lat' dir='ltr'>iam</span> 
     </span>
     <span class='ocr_line' id='line_1_39' title="bbox 30 2795 1511 2849; baseline -0.002 -12"><span class='ocrx_word' id='word_1_332' title='bbox 30 2801 258 2849; x_wconf 88' lang='lat' dir='ltr'>potuerunt,</span> <span class='ocrx_word' id='word_1_333' title='bbox 287 2798 450 2836; x_wconf 87' lang='lat' dir='ltr'>alterum</span> <span class='ocrx_word' id='word_1_334' title='bbox 483 2798 660 2835; x_wconf 86' lang='lat' dir='ltr'>tulerunt</span> <span class='ocrx_word' id='word_1_335' title='bbox 691 2797 859 2834; x_wconf 87' lang='lat' dir='ltr'>edictum</span> <span class='ocrx_word' id='word_1_336' title='bbox 883 2797 1119 2845; x_wconf 87' lang='lat' dir='ltr'>Megaricum</span> <span class='ocrx_word' id='word_1_337' title='bbox 1143 2800 1300 2834; x_wconf 85' lang='lat' dir='ltr'>auctum</span> <span class='ocrx_word' id='word_1_338' title='bbox 1324 2795 1511 2846; x_wconf 85' lang='lat' dir='ltr'>quodam-</span> 
     </span>
    </p>
   </div>
  </div>
 </body>
</html>
