1830 3201
297 222 377 257 270

298 331 368 367 VII
391 344 425 379 p.
445 333 520 367 1⁴22
538 329 643 376 adn.;
667 330 863 366 Busoltius
881 330 918 366 ΙΙ
941 342 975 377 p.
994 331 1045 368 69
1066 330 1154 366 adn.
1173 333 1208 367 2.
1249 329 1322 367 Sed
1344 331 1402 366 hic
1420 330 1574 368 maioris
1589 331 1770 367 momenti

296 406 366 445 est,
398 402 438 435 ut
468 397 636 445 scriptor
667 403 795 433 utrum
829 396 877 433 ad
902 397 1005 433 hunc
1028 397 1151 434 solum
1176 408 1346 434 mensem
1374 397 1543 435 voluerit
1571 398 1674 434 hunc
1696 410 1771 435 mo-

297 477 375 502 rem
409 463 612 501 transferri
644 476 691 500 an
726 462 773 499 ad
802 475 935 500 omnes
967 475 1213 512 quaeramus,
1244 463 1349 512 quod
1380 476 1466 501 cum
1489 464 1712 502 Herodotus
1733 465 1770 502 in

298 531 414 568 dubio
456 530 665 579 reliquerit,
708 530 880 567 historIci
920 531 985 579 qui
1017 531 1283 579 sequebantur
1325 533 1366 568 ut
1403 532 1496 579 ipsis
1533 531 1678 580 placuit
1718 532 1772 568 in-

298 599 546 636 tellexerunt.
606 598 757 634 Etenim
791 597 1004 646 Ephorum,
1036 609 1150 646 quem
1182 598 1324 646 aliquis
1347 597 1450 635 dicat
1477 610 1499 635 a
1521 598 1772 647 grammatico

299 678 384 702 esse
408 665 641 712 consultum,
673 676 757 701 cum
791 664 909 701 alium
944 665 1049 702 hisce
1072 664 1119 701 de
1142 664 1258 702 rebus
1290 668 1445 712 praeter
1476 665 1547 702 hos
1577 664 1675 702 duos
1708 658 1773 701 ad-

299 733 458 770 hibitum
482 744 559 769 non
583 743 667 769 esse
696 731 909 780 videamus,
940 733 1155 780 inspectum
1189 744 1266 769 non
1299 744 1382 769 esse
1414 736 1523 781 patet
1553 744 1600 769 ex
1631 732 1772 769 Justini

300 800 346 847 ll,
369 801 404 848 9,
426 801 461 837 8.
485 801 520 843 9,
552 799 671 847 Trogi
694 799 972 847 epitomatoris,
1003 799 1082 848 qui,
1113 811 1198 836 cum
1232 811 1317 836 eum
1351 800 1420 836 has
1451 811 1514 836 res
1545 799 1591 836 ab
1614 800 1773 847 Ephoro

299 866 455 915 petiisse
501 878 548 903 ex
586 865 669 902 eius
715 878 800 903 cum
838 866 1012 904 Diodoro
1050 865 1213 914 aliisque
1250 867 1503 904 similitudine
1548 867 1774 915 probaverit

298 931 694 982 Volquardseuus‘20),
725 933 841 970 hahet
872 933 985 971 haec:
1022 934 1170 981 „Igitur
1197 933 1457 971 Athenienses
1489 934 1622 971 audito
1654 935 1773 971 Darei

298 1001 467 1038 adventu
513 1001 698 1037 auxilium
741 1013 762 1037 a
804 1000 1140 1050 Lacedaemoniis,
1181 1002 1287 1038 socia
1329 1001 1498 1050 civitate,
1538 1002 1774 1050 petiverunt,

300 1080 399 1118 quos
433 1068 495 1105 ubi
520 1068 702 1105 viderunt
733 1067 942 1116 quadridui
967 1069 1090 1105 teneri
1113 1069 1302 1116 religione
1325 1068 1419 1106 etc.“
1474 1068 1638 1106 Accedit
1668 1068 1772 1117 quod

299 1136 418 1172 verba
449 1135 535 1183 ipsa
565 1134 753 1172 Herodoti
791 1138 1014 1183 congruunt
1049 1147 1133 1171 cum
1173 1135 1395 1181 scholiasta,
1431 1136 1497 1184 qui
1535 1134 1697 1172 eandem
1734 1135 1772 1172 in

300 1215 339 1239 se
361 1202 514 1239 admisit
538 1202 840 1250 neglegentiam,
863 1214 976 1250 quam
1002 1202 1235 1239 Plutarchus
1258 1202 1306 1239 de
1329 1203 1414 1239 mal.
1437 1202 1580 1239 Herod.
1604 1215 1688 1251 cap.
1711 1205 1775 1250 26,

299 1272 375 1308 861
397 1270 437 1306 F.
461 1272 511 1307 62
530 1269 575 1306 A.
607 1275 644 1306 et
676 1269 891 1306 Pausanias
924 1271 950 1314 l,
975 1270 1037 1317 28,
1063 1272 1097 1317 7,
1129 1273 1169 1306 ut
1200 1270 1438 1318 generaliter
1461 1270 1567 1318 loqui
1590 1273 1775 1318 putarent

299 1341 495 1374 auctorem
529 1336 577 1373 de
609 1336 784 1373 omnibus
816 1336 1023 1373 mensibus.

418 1412 482 1461 11)
524 1415 652 1463 Equit.
675 1415 796 1452 schol.
819 1416 853 1452 ll
876 1416 955 1453 449
983 1415 1006 1452 l.
1029 1417 1196 1463 54sqq.:
1228 1408 1546 1464 Πεισιστράτω
1568 1427 1677 1466 γυνη
1709 1413 1775 1466 γέ-

299 1492 427 1531 yozev
464 1493 489 1530 η
522 1477 723 1531 Μιρρίιη
756 1470 928 1518 Ιππίου
968 1478 1037 1517 καὶ
1074 1471 1312 1530 Ιπτάρχου
1347 1475 1504 1532 μήτηρ·
1551 1479 1775 1534 Βυρσίνην

301 1544 382 1586 οὖν
414 1541 536 1585 εἶπε)
568 1539 665 1584 ἀντὶ
689 1546 768 1585 τοῦ
790 1545 1021 1598 ,Μυρρίιην
1053 1560 1111 1593 ως
1142 1542 1438 1599 βυοσοπωλην
1467 1541 1603 1587 πάλιν
1625 1561 1774 1600 κωμῳ-

298 1613 388 1653 defu)
420 1607 500 1652 roz
532 1611 722 1652 hagona.
777 1626 959 1665 ταιτηυ
977 1604 999 1651 ὁ
1024 1611 1332 1665 Πεισίστοατος
1364 1606 1496 1653 &note
1530 1629 1776 1668 κατηγαγευ

298 1679 356 1728 «εἷς
388 1673 570 1733 Ἀθήνας
608 1672 675 1730 ἐς)
697 1673 887 1732 ἅρματος
925 1676 1114 1730 ἔφασκεν
1147 1674 1383 1733 Ἀθηναίαν
1419 1676 1529 1720 εἶναι
1566 1679 1775 1735 βουλόμε-

298 1762 371 1795 νος
402 1755 650 1800 τὐραιϊἓῑι>,
690 1751 794 1799 quod
828 1763 912 1787 cum
946 1763 968 1787 a
998 1751 1167 1799 Didymo
1199 1756 1325 1788 ortum
1359 1764 1435 1789 non
1469 1764 1552 1790 esse
1589 1754 1776 1801 probetur

298 1820 485 1868 llesychii
524 1820 667 1867 glossa,
704 1820 786 1856 sine
819 1819 935 1855 dubio
968 1830 988 1855 e
1020 1818 1265 1856 Chalcenteri
1296 1819 1420 1857 lexico
1453 1820 1598 1857 comico
1638 1821 1776 1858 hausta

297 1882 526 1936 Bvsnjc'visg·
556 1882 797 1936 fflvppc'mlg·
828 1876 884 1934 ἦν
906 1880 951 1921 δὲ
973 1876 1080 1935 αὕτη
1103 1878 1212 1935 γυνὴ
1232 1874 1406 1923 Ἱππίου
1429 1884 1511 1924 τοῦ
1533 1880 1774 1935 τυράννου·

297 1950 343 1990 ἐν
382 1958 473 1990 τοῖς
513 1947 710 1999 ἱππεῦσι,
750 1954 862 1990 simul
905 1953 1083 1990 videmus
1122 1953 1333 2001 Didymum
1372 1967 1530 2003 operam
1570 1956 1775 1993 navavisse
1810 1967 1811 1972 ¹

300 2022 387 2058 huic
420 2022 502 2058 loco
536 2021 841 2070 interpretando,
880 2021 946 2057 sed
979 2033 1055 2058 non
1090 2020 1137 2058 ad
1173 2032 1242 2058 nos
1281 2022 1507 2069 pervenisse
1545 2023 1627 2060 eius
1657 2023 1775 2060 adno-
1809 2059 1812 2074 ᾳ

298 2091 493 2126 tationem.
553 2089 789 2127 ›Scholiastes
820 2092 961 2136 autem,
999 2089 1108 2125 euius
1141 2089 1334 2125 sententia
1370 2089 1481 2126 nobis
1519 2094 1676 2128 servata
1707 2096 1777 2140 est,

299 2157 442 2204 duplici
476 2156 588 2193 modo
621 2156 778 2204 erravit,
818 2156 981 2204 primum
1022 2156 1126 2204 quod
1160 2157 1388 2205 Myrrhinen
1421 2158 1578 2194 vocavit
1609 2158 1776 2206 Hippiae
1809 2151 1812 2161 ’

300 2228 470 2271 matrem,
502 2236 587 2260 cum
622 2228 724 2261 esset
756 2224 839 2260 eius
868 2235 967 2260 uxor
999 2222 1061 2265 (cf.
1090 2223 1301 2272 Thuc.V1,
1328 2225 1391 2268 55,
1417 2222 1468 2272 1),
1499 2224 1640 2262 deinde
1671 2225 1776 2273 quod

299 2290 344 2327 ab
367 2291 469 2327 eain
495 2291 627 2328 urbem
660 2291 862 2328 reductum
886 2302 973 2328 esse
997 2291 1149 2339 putavit
1180 2294 1403 2339 tyrannum,
1434 2291 1538 2340 quod
1568 2291 1616 2328 ad
1638 2292 1774 2341 Phyen
1810 2285 1811 2297 ¹

298 2363 476 2406 spectare
509 2358 624 2395 docet
655 2358 843 2395 Herodot.
866 2360 893 2406 l,
917 2360 979 2397 60.
1038 2358 1113 2396 Sed
1147 2358 1209 2394 hic
1241 2370 1351 2395 error
1379 2362 1493 2396 natus
1515 2363 1573 2396 est
1604 2371 1623 2396 e
1646 2359 1775 2408 negle-
1806 2358 1809 2385 J

301 2427 450 2473 gentia3
483 2438 566 2462 cum
592 2426 779 2463 Herodoti
804 2427 1037 2463 mentionem
1062 2426 1098 2462 in
1123 2426 1305 2462 memoria
1329 2426 1525 2474 retineret,
1557 2427 1775 2463 nominibus

301 2492 487 2540 deceptus
510 2496 578 2529 est.
629 2492 701 2530 sed
738 2492 932 2540 quomodo
953 2492 1115 2529 alterum
1140 2492 1272 2529 vitium
1297 2492 1542 2541 explicatur?
1592 2494 1650 2530 An
1684 2506 1775 2530 eun-

301 2559 385 2595 dem
428 2561 463 2595 in
504 2559 688 2596 moduni?
744 2559 857 2604 Quod
901 2559 988 2595 mihi
1027 2571 1102 2596 non
1141 2559 1308 2596 videtur.
1368 2560 1507 2608 Neque
1547 2561 1645 2597 enim
1688 2571 1773 2597 eum

301 2637 440 2662 nomen
474 2625 588 2662 huius
619 2625 784 2662 feminae
817 2626 854 2662 in
887 2626 1069 2663 memoria
1101 2626 1271 2663 tenuisse
1304 2628 1417 2674 put0;
1450 2627 1479 2663 si
1511 2630 1639 2663 autem
1671 2625 1775 2663 Thu-

303 2692 479 2739 cydidem
504 2692 683 2740 inspexit,
706 2704 835 2729 errare
859 2705 935 2729 non
958 2693 1097 2741 potuit.
1156 2693 1275 2729 Immo
1296 2693 1350 2729 ita
1372 2693 1461 2730 mihi
1490 2705 1599 2730 error
1621 2693 1775 2731 videtur

412 2822 453 2859 ²¹³)
488 2818 543 2852 Cf.
572 2819 787 2853 Untersuch.
806 2821 862 2853 iil).
882 2821 914 2854 (l.
934 2820 1083 2861 Quellen
1111 2824 1180 2853 etc.
1205 2831 1238 2864 p.
1262 2823 1375 2855 1—71.
