1830 3201
265 187 344 223 238

265 300 304 335 01
323 296 593 345 Thucydidem
624 307 686 333 res
708 309 784 334 non
809 299 992 345 exstaret,
1022 296 1076 333 ita
1107 296 1199 345 quid
1222 297 1342 345 magis
1364 299 1525 334 naturae
1546 309 1736 346 gramma-

264 365 428 402 ticorum
460 364 661 413 proprium
684 365 754 412 est,
784 376 899 412 quam
924 376 1011 401 eum
1033 363 1300 413 interpretem,
1331 365 1397 413 qui
1427 365 1582 402 nomine
1603 367 1737 403 aucto-

265 433 318 470 ris
358 433 498 469 omisso
541 431 643 469 hanc
680 444 761 469 rem
800 432 990 480 exposuit,
1027 432 1262 480 vituperare,
1304 433 1395 481 quia
1435 431 1659 470 Herodotus
1700 435 1738 470 et

266 499 532 547 Thucydides,
563 499 630 547 qui
661 499 731 536 soli
765 502 853 536 ante
885 499 1019 537 oculos
1050 502 1171 545 erant⁷
1203 499 1249 536 de
1278 500 1350 536 hac
1378 511 1418 536 re
1451 500 1605 537 omnino
1637 502 1738 538 tace-

267 570 378 605 rent?
428 566 515 612 Qua
537 579 622 604 eum
645 579 687 604 re
720 567 864 614 optime
896 567 1091 604 consentit
1121 569 1158 604 et
1178 567 1361 604 vocabuli
1382 560 1622 616 ψεύδεσθαι
1644 579 1738 618 usus

267 637 304 671 01
334 634 407 671 alia
428 633 587 682 scholia,
618 634 683 671 ubi
715 633 882 671 eundem
904 633 942 671 in
967 633 1123 671 modum
1155 635 1425 682 grammaticos
1453 634 1616 671 alterum
1646 635 1740 672 altc-

268 713 350 737 rum
375 701 550 738 videmus
580 700 916 750 reprehendentes
948 700 1012 747 (cf.
1040 701 1159 738 schol.
1184 701 1254 738 Av.
1278 704 1368 749 283,
1390 700 1499 747 997).
1549 702 1627 739 Iam
1652 714 1737 739 cum

265 769 431 806 sciamus
463 782 484 805 a
505 769 737 817 Symmacho
770 768 979 817 Didymum
1011 769 1250 817 potissimum
1282 773 1510 818 usurpatum
1539 781 1634 815 esse,
1666 781 1739 806 nec

266 848 356 873 raro
378 837 605 885 vituperari,
635 836 685 873 ad
713 836 869 884 Didymi
899 837 1218 874 commentarium
1250 836 1466 874 referemus
1496 836 1619 874 schol.
1641 837 1740 885 Equ.

267 906 336 952 84,
381 916 495 952 quem
538 905 691 941 mentiri
738 904 994 952 Symmachus
1033 904 1277 953 Thucydidis
1320 907 1357 942 ct
1398 904 1585 942 Herodoti
1633 905 1740 942 nisus

267 972 498 1009 auctoritate
529 971 696 1020 probare
727 971 885 1009 studuit.
947 971 1060 1009 Unde
1092 972 1204 1009 simul
1236 975 1399 1021 apparet
1436 984 1481 1009 ea
1512 972 1672 1021 scholia,
1701 973 1739 1009 in

267 1039 409 1088 quibus
441 1039 640 1088 Ephorum
664 1039 841 1077 videmus
872 1040 909 1076 in
939 1051 1049 1076 usum
1079 1043 1260 1077 vocatum
1292 1052 1386 1086 esse,
1417 1042 1524 1078 certo
1556 1040 1604 1077 ad
1636 1040 1742 1089 Sym-

216 1156 219 1165 ,
268 1108 457 1156 maehum,
489 1108 635 1156 quippe
667 1108 733 1156 qui
764 1108 868 1145 hunc
900 1108 1124 1145 historicum
1157 1120 1233 1145 non
1266 1108 1516 1157 consuluerIt,
1548 1120 1624 1146 non
1658 1119 1741 1145 esse

267 1174 485 1212 referenda..
545 1175 605 1211 Ad
638 1174 845 1223 Didymum
879 1174 1032 1219 deinde,
1063 1179 1139 1211 tam
1173 1178 1357 1212 accurate
1389 1174 1437 1212 de
1467 1174 1742 1212 Themistoclis

268 1245 391 1279 morte
412 1244 605 1291 agentem,
636 1243 749 1279 etiam
782 1241 851 1288 47)
883 1242 1003 1280 schol.
1025 1243 1123 1291 Equ.
1145 1244 1225 1281 814
1258 1243 1280 1279 l.
1303 1246 1425 1291 3sqq.
1457 1241 1504 1280 de
1537 1242 1620 1280 eius
1652 1241 1741 1280 dolo

269 1313 364 1359 puto
402 1307 597 1355 reduci32')
635 1321 762 1359 posse,
807 1311 1037 1358 praesertim
1075 1322 1160 1347 cum
1199 1309 1246 1348 de
1286 1310 1403 1347 rebus
1439 1310 1537 1348 adeo
1576 1310 1742 1359 cognitis

269 1381 421 1416 veteres
443 1379 718 1427 grammaticos
739 1378 1031 1416 Alexandrinos
1055 1379 1180 1427 egisse
1210 1378 1314 1415 credi
1337 1391 1414 1415 11011
1436 1378 1569 1427 possit.
1619 1378 1742 1415 Porro

269 1444 551 1492 Staes011111s3³³J
583 1447 765 1494 probavit
796 1445 865 1492 48)
896 1447 1016 1484 schol.
1039 1446 1094 1483 111
1122 1447 1216 1483 Rau.
1241 1449 1316 1485 191
1346 1447 1368 1483 l.
1397 1449 1448 1485 53
1467 1458 1552 1494 sqq.
1583 1448 1744 1495 propter

270 1514 542 1552 Aristarchum
576 1517 613 1552 et
644 1514 881 1552 Demetrium
906 1514 1079 1552 Ixionem
1108 1507 1282 1563 (i-'vepod
1314 1514 1422 1551 iuxta
1450 1514 1594 1562 positos
1626 1513 1744 1562 Didy-

271 1595 396 1620 meum
421 1594 518 1630 esse,
552 1582 654 1619 unde
677 1581 787 1631 putet
808 1582 921 1619 etiam
945 1580 1014 1628 49)
1037 1582 1157 1619 501101.
1180 1583 1274 1619 Rau.
1298 1584 1376 1620 694
1399 1582 1419 1619 l.
1443 1585 1493 1620 33
1509 1594 1593 1630 sqq.
1620 1581 1742 1619 eidem

271 1661 354 1687 esse
387 1648 692 1698 attribuendum,
724 1661 809 1686 cum
841 1648 918 1685 illic
950 1650 987 1686 01
1017 1648 1064 1685 (10
1086 1649 1209 1686 servis
1232 1649 1411 1686 libertate
1434 1648 1587 1686 donatis
1618 1660 1743 1685 sermo

271 1717 337 1754 fiat
359 1720 397 1755 et
417 1717 642 1755 Hellanicus
672 1717 825 1765 citetur,
857 1729 969 1765 quem
999 1729 1020 1753 a
1043 1716 1209 1764 Didymo
1232 1728 1316 1753 esse
1340 1716 1554 1753 adhibitum
1581 1719 1746 1764 apparet

272 1798 291 1823 e
319 1785 439 1822 schol.
461 1786 555 1822 Rau.
580 1787 671 1833 Γ720,
702 1784 773 1822 Αν.
799 1787 915 1823 1021.
962 1784 1131 1839 Propter
1153 1784 1312 1821 similem
1336 1796 1504 1832 causam,
1531 1796 1616 1820 eum
1640 1786 1744 1821 vete-

271 1866 353 1891 rum
387 1852 745 1890 Alexandrinorum
787 1852 1128 1900 grammaticorum
1170 1852 1463 1889 observationes
1504 1852 1636 1900 utique
1673 1863 1744 1899 per

272 1920 429 1969 Didymi
469 1920 788 1957 commentarium
827 1918 1044 1968 posteritati
1082 1918 1296 1956 innotuisse
1333 1918 1571 1957 Schmidtius
1607 1919 1747 1967 proba-

273 1989 383 2036 verit,
420 1987 543 2025 eidem
582 1987 747 2024 tribuam
787 1986 855 2032 50)
887 1987 1009 2024 schol.
1036 1986 1133 2023 Rau.
1165 1989 1269 2024 1422
1302 1986 1324 2023 l.
1353 1990 1403 2025 23
1419 1998 1500 2035 sqq.
1534 1986 1745 2024 Callistrati

273 2060 310 2093 et
332 2055 548 2093 Aristarchi
570 2055 789 2093 testimonia
811 2054 1005 2102 praebens
1034 2057 1071 2092 et
1094 2053 1161 2100 51)
1184 2054 1305 2091 schol.
1323 2054 1438 2102 Vesp.
1459 2057 1534 2092 157
1557 2054 1579 2091 l.
1597 2056 1646 2092 21
1662 2065 1746 2102 sqq.

274 2124 538 2161 Callistratum
577 2124 613 2160 in
647 2135 758 2160 usum
791 2134 948 2160 vocans.
1007 2122 1188 2170 Denique
1220 2120 1288 2167 52)
1320 2122 1439 2159 schol.
1466 2122 1483 2158 Ι
1514 2122 1643 2170 Equit.
1664 2123 1743 2159 445

273 2192 295 2227 l.
320 2194 368 2229 12
384 2203 467 2240 sqq.
499 2193 536 2228 et
567 2189 635 2237 53)
665 2191 786 2228 schol.
808 2190 1010 2228 Plut.17:3
1041 2190 1062 2227 l.
1085 2192 1248 2228 37—43
1281 2189 1473 2237 Didymea
1495 2201 1578 2227 esse
1610 2192 1746 2238 postea

275 2260 460 2308 probabo.

387 2327 495 2363 Haec
517 2330 608 2363 sunt
638 2339 683 2363 ea
705 2326 866 2371 scholia,
898 2337 998 2374 quae
1031 2327 1099 2362 aut
1120 2327 1226 2362 certo
1259 2327 1326 2362 aut
1347 2325 1492 2362 maiore
1514 2324 1575 2362 vel
1599 2325 1746 2362 minore

276 2407 362 2431 cum
385 2394 656 2443 probabilitate
689 2393 856 2442 Didymo
879 2393 1009 2430 deberi
1041 2394 1135 2441 puto
1165 2404 1223 2429 me
1245 2392 1445 2441 probasse.
1504 2392 1626 2438 Quem
1660 2403 1746 2429 cum

277 2464 405 2499 tantas
437 2461 562 2509 egisse
594 2464 727 2510 partes
758 2461 796 2498 111
820 2460 1055 2509 explicando
1078 2463 1192 2508 poeta
1214 2460 1427 2504 videamus,
1459 2459 1619 2497 aliorum
1652 2471 1746 2508 quo-

278 2542 354 2578 que
392 2529 598 2566 multorum
636 2529 872 2566 scholiorum
911 2529 1203 2575 historicorum,
1248 2529 1291 2564 ut
1326 2527 1379 2564 ita
1416 2526 1557 2575 dicam,
1599 2528 1745 2565 fontem

280 2608 363 2633 csse
400 2599 504 2633 certo
543 2596 866 2645 confirmaverim,
902 2608 1041 2644 nempe
1074 2595 1254 2644 omnium,
1291 2606 1391 2643 quae
1427 2594 1481 2632 ita
1518 2596 1611 2631 sunt
1646 2606 1745 2632 eom-

379 2706 421 2742 32)
447 2704 648 2746 Utrumque
667 2701 782 2736 011100
801 2706 837 2737 01
851 2702 1070 2737 antecedens
1088 2701 1301 2746 Symmacho
1316 2700 1444 2735 tribuit
1457 2700 1504 2734 A.
1518 2699 1747 2743 Schmidtius‚

278 2760 435 2793 Pericles
460 2760 536 2793 und
561 2759 638 2793 sein
664 2758 847 2801 Zeitalter,
871 2758 1082 2801 «1011111879,
1107 2757 1139 2791 II
1164 2766 1270 2800 pagg.
1290 2759 1365 2790 306.
1390 2759 1464 2790 307.

379 2817 423 2858 ³³)
448 2815 468 2848 l.
486 2826 515 2849 a.
542 2825 647 2859 pagg.
667 2818 719 2849 26.
739 2817 790 2849 27.
