1830 3201
300 166 380 203 340

298 274 389 314 τῶν
419 272 520 326 περὶ
545 266 821 325 ἌργίιῸυσαν
848 272 918 323 (sic
940 271 987 323 R)
1015 267 1381 324 στρατηγούντων
1404 270 1642 325 δυστυχῶς·
1675 265 1777 314 ἀπέ-

298 343 410 381 θανε
442 340 487 380 δὲ
519 339 703 394 δημοσίᾳ
733 330 863 387 οὗτός
892 353 938 379 τε
969 338 1039 379 καὶ
1074 340 1115 379 οἱ
1144 331 1462 392 ὑπομείναντες
1493 372 1500 380 .
1525 373 1532 379 .
1557 373 1565 380 .
1594 334 1653 389 ὥς
1674 350 1777 395 φησι
1823 388 1824 392 ¹

304 404 548 461 Φιλόχορος
570 410 633 457 (cf.
654 410 878 451 Muellerus,
901 405 973 459 frg.
990 413 1087 448 121:
1108 411 1124 447 1
1146 423 1182 460 p.
1199 409 1308 456 403).
1338 403 1578 461 Δημήτριος
1596 407 1642 449 δέ
1663 411 1776 459 (haec
1823 399 1824 403 Ἰ

302 483 341 516 ct
365 479 609 527 insequentia
638 478 780 515 absunt
810 490 831 514 a
859 477 942 515 eod.
964 476 1011 524 R)
1043 484 1147 529 φησι
1172 469 1490 528 περιττότερόν
1509 489 1551 515 τι
1572 475 1777 529 γενέσθαι

297 545 361 597 τῷ
404 536 642 595 Ἐρασινίδῃ
692 539 743 582 τὸ
793 541 865 582 καὶ
910 544 1080 596 κλοπῆς
1124 543 1492 596 κατηγορηθῆναι
1540 545 1631 584 τῶν
1675 543 1778 597 περὶ
1829 585 1830 590 ,

292 604 618 664 Ἑλλήσποντον
645 605 890 664 χρημάτων.
951 614 1114 662 Legitur
1151 616 1279 651 autem
1311 614 1497 652 Demetrii
1529 627 1669 653 nomen
1713 615 1777 653 de-

299 683 375 720 cies
407 683 444 719 in
474 681 642 731 scholiis,
679 693 843 730 quorum
875 681 1048 719 locorum
1085 693 1185 718 unus
1222 681 1342 719 schol.
1370 681 1472 720 Nub.
1500 685 1550 721 37
1585 678 1639 720 'de
1672 682 1776 720 dem-

297 749 425 787 archis
454 761 575 797 agens
607 749 751 787 diserte
781 750 896 787 affert
926 749 1104 787 Phalerei
1132 749 1282 799 librum,
1314 750 1379 798 qui
1400 749 1623 788 Inscribitur
1644 747 1773 801 ,,περὶ

299 813 605 866 ινόμοθεσίαςῆ
648 817 766 854 schol.
798 817 888 854 Pac.
922 819 998 856 123
1042 817 1177 855 laudat
1219 818 1458 855 Demetrium
1501 818 1764 856 Zenodoteum

298 885 369 922 Av.
395 886 499 923 1569
532 884 719 921 Demetrii
753 884 898 922 Ixionis
931 874 1119 929 Άττικὰς
1143 880 1288 931 λέξεις,
1321 885 1384 922 alii
1416 885 1465 922 ad
1488 885 1653 924 eundem
1677 886 1777 924 Ixio-

298 966 382 991 nem
407 952 602 990 referendi
626 952 783 1001 suntffl),
806 952 854 991 de
873 952 1028 990 duobus
1053 952 1253 990 dubitatur
1276 953 1387 991 modo
1407 953 1533 990 allatis
1554 954 1650 991 Rau.
1670 956 1774 993 1196

299 1025 335 1059 et
363 1022 479 1070 Vesp.
501 1023 593 1069 240,
625 1022 716 1070 quia
748 1024 785 1059 et
814 1022 851 1059 in
884 1023 1119 1070 argumento
1148 1020 1332 1059 historico
1363 1024 1573 1059 versantur
1604 1023 1641 1059 et
1670 1021 1778 1060 iuxta

299 1090 537 1127 Demetrium
574 1089 849 1127 Philochorum
889 1089 1084 1126 exhibent.
1144 1087 1220 1126 Sed
1260 1101 1336 1127 non
1376 1089 1490 1138 plane
1527 1089 1778 1128 abhorruisse

298 1170 320 1194 a
343 1158 540 1195 Demetrio
565 1157 698 1194 Ixione
730 1168 792 1194 res
825 1157 1029 1194 historicas
1060 1158 1240 1202 tractare,
1272 1157 1302 1194 si
1326 1156 1482 1206 quidem
1507 1157 1555 1194 ad
1578 1157 1779 1207 explican-

300 1225 389 1262 dum
422 1227 575 1273 poetam
607 1236 767 1262 necesse
799 1226 913 1272 essct,
944 1224 1133 1273 probatur
1164 1224 1311 1262 scholio
1344 1225 1438 1262 Rau.
1464 1227 1553 1274 191,
1592 1225 1658 1263 ubi
1690 1225 1777 1263 illos

299 1293 365 1341 qui
404 1293 654 1329 nominantur
692 1285 833 1341 ἕτεροι
871 1292 1111 1329 Demetrium
1151 1303 1235 1329 esse
1275 1291 1582 1340 intellegendum
1620 1291 1776 1330 demon-

298 1361 434 1397 stravit
465 1372 484 1397 e
516 1359 627 1397 Phot.
658 1371 686 1397 s.
708 1372 742 1396 v.
769 1354 897 1409 κρέας
927 1357 1219 1405 Staeschius.1¹)
1279 1358 1431 1396 Deinde
1463 1362 1591 1397 autem
1624 1362 1666 1397 ut
1697 1361 1773 1409 pri-

300 1439 401 1464 nlum
435 1426 482 1464 de
514 1428 609 1464 Rau.
635 1429 739 1465 1196
771 1439 893 1475 agam,
926 1426 1158 1464 Phalereum
1190 1427 1226 1463 in
1252 1415 1526 1476 ι’ἷναγραφαῖς
1548 1415 1776 1477 ἀρχόντων

300 1495 456 1532 omnino
488 1494 649 1532 credere
681 1506 833 1543 nequeo
871 1496 948 1531 tam
980 1497 1162 1531 accurate
1194 1494 1318 1542 egisse
1350 1493 1398 1531 de
1430 1506 1558 1532 rerum
1592 1494 1775 1543 minutiis,

300 1562 368 1599 scd
406 1574 451 1599 ca
482 1561 607 1600 solum
644 1561 821 1599 attulisse
863 1574 964 1610 quae
1007 1561 1160 1599 maximi
1201 1563 1331 1598 essent
1372 1562 1568 1609 momenti,
1608 1574 1695 1599 cum
1736 1561 1774 1599 id

300 1630 512 1679 praecipue
557 1631 709 1679 ageret,
754 1632 796 1666 ut
840 1632 1045 1678 praetores
1090 1631 1347 1666 enumeraret.
1419 1629 1600 1678 Denique
1645 1633 1773 1668 autem

301 1698 494 1735 rarissime
532 1697 592 1734 hic
623 1697 721 1734 liber
751 1696 906 1734 videtur
937 1697 973 1734 in
1007 1708 1117 1734 usum
1140 1699 1303 1734 vocatus
1335 1708 1432 1743 esse,
1469 1697 1580 1734 cuius
1609 1697 1684 1734 tria
1715 1708 1775 1735 50-

303 1765 380 1802 111111
412 1764 634 1813 fragmenta
671 1763 781 1801 nobis
818 1766 972 1801 servata
1010 1766 1113 1813 sunt,
1153 1763 1230 1801 duo
1267 1776 1290 1801 a
1325 1763 1500 1812 Diogene
1531 1764 1689 1802 Laertio
1727 1763 1775 1802 de

301 1832 477 1870 Thaletis
508 1834 545 1869 et
575 1832 835 1878 Anaxagorae
867 1834 993 1869 aetate
1025 1834 1178 1880 agente,
1208 1832 1362 1869 tertium
1395 1844 1416 1868 a
1444 1831 1681 1878 Marcellino,
1709 1831 1774 1869 vit.

302 1901 467 1937 Thuc.1
499 1900 611 1944 §32z
653 1896 790 1949 δῆλον
827 1891 895 1935 ὅτι
932 1892 1127 1942 κάθοδος
1163 1892 1291 1950 ἐδόδη
1326 1901 1420 1943 τοῖς
1456 1891 1678 1948 φεύγουσι,
1719 1889 1776 1944 ὡς

301 1963 369 2003 καὶ
408 1958 650 2017 Φιλόχορος
681 1963 750 2003 καὶ
785 1959 1028 2018 Δημήτριος
1059 1961 1106 2003 ἐν
1135 1970 1228 2011 τοῖς
1254 1957 1461 2016 Ῐείρχουσι,
1493 1967 1558 2004 ubi
1589 1966 1773 2016 equidem

303 2047 442 2073 vercor
473 2047 522 2072 ne
553 2035 747 2072 erraverit
780 2035 1030 2072 Marcellinus
1062 2037 1100 2072 et
1132 2035 1169 2072 in
1193 2037 1321 2072 mente
1352 2034 1533 2072 habuerit
1564 2035 1646 2072 eius
1674 2030 1776 2085 περὶ

303 2101 378 2152 τῆς
401 2094 603 2154 Ἀθήνησι
627 2099 900 2152 νομοθεσίας.
952 2104 1003 2141 Ut
1023 2103 1142 2152 igitur
1171 2102 1293 2141 schol.
1314 2103 1410 2140 Rau.
1435 2105 1552 2152 1156,
1583 2103 1635 2140 ita
1656 2102 1776 2140 schol.

307 2172 417 2220 Vesp.
441 2174 520 2210 240
552 2170 751 2209 Demetrio
782 2171 973 2209 Phalereo
1005 2183 1106 2219 nego
1138 2181 1221 2208 esse
1252 2169 1515 2219 tribuendum,
1546 2171 1775 2219 praesertim

304 2252 389 2276 cum
423 2239 483 2276 hic
516 2239 552 2276 in
585 2251 629 2276 ea
662 2251 702 2276 re
740 2250 833 2276 usus
865 2241 968 2276 esset
1005 2238 1079 2276 hoc
1109 2238 1305 2286 historico,
1340 2250 1456 2287 quam
1487 2250 1509 2275 a
1539 2237 1774 2276 Philochoro

303 2307 417 2355 paulo
449 2309 537 2355 post
567 2305 740 2344 adhibito
779 2318 855 2343 non
887 2306 1014 2343 minus
1046 2305 1143 2343 bene
1182 2309 1315 2354 posset
1346 2317 1595 2353 cognoscere.
1654 2306 1775 2343 Immo

304 2386 395 2410 vero
428 2374 546 2411 schol.
568 2375 683 2423 Vesp.
711 2375 792 2412 240
823 2376 944 2411 totum
975 2372 1138 2411 debetur
1160 2373 1407 2422 Philochoro,
1438 2384 1552 2422 quem
1585 2385 1670 2410 cum
1702 2374 1776 2410 De-

304 2440 461 2478 metrius
484 2441 593 2478 Ixion
626 2440 673 2478 de
702 2440 774 2478 hac
802 2453 843 2478 rc
877 2440 1148 2489 consuluisset,
1179 2440 1262 2478 eius
1285 2452 1424 2478 nomen
1445 2439 1639 2489 apposuit,
1669 2438 1775 2489 quod

303 2520 389 2545 cum
430 2511 565 2557 postea
601 2508 702 2546 falso
739 2508 1048 2557 intellegeretur,
1085 2508 1195 2557 quasi
1233 2507 1398 2546 duorum
1430 2507 1645 2545 sententiae
1675 2507 1775 2544 inter

304 2588 345 2613 sc
376 2579 581 2624 separatae
612 2579 713 2613 sunt.
772 2575 924 2623 Quibus
961 2576 1147 2625 expositis
1186 2577 1227 2613 ut
1257 2575 1483 2613 Philochori
1514 2574 1774 2624 fragmentum

416 2683 457 2724 l⁰)
488 2680 542 2716 ef.
569 2682 791 2726 Staesehius‚
817 2682 839 2716 l.
856 2692 886 2716 a.
912 2693 944 2726 p.
965 2685 1005 2717 2ss
1020 2693 1110 2727 sqq,
1135 2686 1175 2717 52
1191 2692 1270 2726 sqq.

417 2740 458 2780 ¹¹)
496 2737 551 2772 Cf.
577 2739 596 2771 l.
615 2748 644 2772 a.
671 2749 705 2781 p.
725 2741 776 2773 26.

417 2796 456 2835 ¹2)
490 2793 607 2827 Ixioni
634 2793 741 2828 etiam
767 2793 978 2829 Staeschius
1004 2794 1132 2829 tribuit
1156 2794 1303 2838 scholia,
1328 2794 1349 2828 1.
1367 2803 1397 2829 a.
1422 2804 1459 2838 p.
1477 2796 1529 2828 27.
