1830 3201
287 188 367 224 350

401 296 466 339 12)
508 295 634 334 Schol.
656 296 726 334 Av.
749 298 839 341 766,
872 296 919 334 de
951 308 1027 344 quo
1059 295 1203 333 dictum
1235 299 1294 334 est
1321 295 1360 333 in
1393 309 1476 345 cap.
1498 297 1545 334 ΙΙ.

401 366 466 407 13)
509 364 633 402 Schol.
656 365 727 401 Av.
755 366 833 402 997
868 364 1102 411 1.16-—40‚
1137 364 1218 402 sive
1256 376 1342 401 cum
1373 365 1536 402 alterum
1570 365 1758 404 scholium

286 434 332 470 ab
371 432 504 470 eodem
544 432 823 469 commentario
865 430 1088 481 dependeat
1126 432 1147 469 l.
1179 434 1364 471 16-2-35.
1428 431 1674 479 Permulti25)
1712 433 1761 471 de

288 501 360 538 hoc
391 498 540 536 scholio
572 501 755 546 egerunt3
787 498 1039 535 nihilominus
1071 510 1147 536 non
1180 499 1361 536 omnibus
1392 511 1576 537 numerus
1607 499 1760 537 absolu-

286 571 364 605 tum
397 570 465 604 est.
524 566 721 603 Habemus
743 569 870 603 autem
900 565 1172 614 amplissimam
1196 565 1352 614 Didymi
1380 587 1433 591 -—
1462 566 1509 604 ad
1533 567 1638 604 hunc
1659 567 1760 604 enim

286 638 464 684 spectare
484 633 582 671 illud
602 629 724 678 τίνας
747 634 768 670 l.
794 636 844 672 26
874 632 988 671 docet
1014 626 1182 683 μήποτε
1204 633 1299 671 illud
1322 635 1343 671 l.
1366 637 1416 673 25
1446 635 1508 677 (cf.
1531 647 1566 683 p.
1590 633 1685 681 226)
1707 654 1762 660 --

286 701 519 740 sententiam
550 700 596 737 ab
627 700 714 749 alio,
745 689 976 749 Symmacho
1009 704 1050 738 ut
1082 701 1173 738 mihi
1203 700 1367 747 videtur,
1399 701 1556 739 allatam
1589 705 1627 740 et
1657 702 1760 739 refu-

284 773 413 807 tatam.
474 768 619 805 Habuit
649 767 841 817 Didymus
878 769 916 805 iu
950 769 1228 806 commentario
1266 769 1379 806 haec:
1417 769 1661 807 Callistratus
1692 770 1762 808 Co-

286 836 363 874 loni
395 836 476 873 eius
508 847 592 873 esse
628 835 836 872 anathema
873 835 1032 884 aliquod
1070 835 1179 884 dixit,
1221 836 1473 885 Euphronius
1512 818 1640 885 ipsum
1677 849 1762 875 6556

286 905 517 949 Coloneum;
552 903 619 940 sed
642 906 685 940 ut
707 903 781 940 hoc
802 907 964 952 propter
986 903 1277 952 Philochornm⁷
1307 903 1374 952 qui
1401 916 1485 941 eum
1510 904 1762 942 Leuconoen-

286 984 364 1009 sem
397 971 492 1008 (licit
523 970 587 1017 (cf.
610 971 833 1016 Muellerus⁷
865 970 937 1019 frg.
962 973 1029 1009 99:
1062 972 1078 1008 I
1111 984 1145 1020 p.
1171 969 1279 1016 400),
1310 971 1450 1008 salsum
1473 975 1542 1020 est,
1574 972 1625 1009 ita
1647 972 1760 1010 Calli-

286 1041 394 1077 slrati
422 1038 664 1093 dilucidum:
711 1041 794 1076 erat
834 1039 937 1076 enim
985 1039 1151 1076 fortasse
1199 1039 1312 1076 etiam
1359 1039 1496 1078 Coloni
1545 1040 1761 1077 anathema.

287 1109 529 1156 Quamquam
569 1106 828 1144 Philochorus
866 1109 1000 1143 narrat
1043 1119 1129 1143 eum
1168 1119 1244 1144 non
1284 1107 1419 1145 Coloni
1459 1108 1637 1156 posuisse
1673 1119 1763 1144 ana-

286 1176 425 1219 thema,
456 1173 524 1211 sed
557 1174 594 1211 in
627 1173 802 1211 ecclesia.
861 1174 967 1222 Ergo
1000 1164 1201 1223 (μήποτε)
1233 1173 1390 1211 videtur
1421 1176 1524 1212 totus
1556 1174 1620 1211 ille
1652 1175 1762 1212 locus

285 1243 381 1279 alter
404 1242 575 1280 Colonus
597 1253 682 1278 6556
714 1242 779 1290 qui
802 1241 982 1278 Misthius
1003 1244 1181 1278 vocatur,
1241 1242 1318 1278 lam
1351 1241 1488 1291 incipit
1518 1242 1618 1279 alter
1639 1254 1762 1290 gram-

287 1310 465 1347 maticus:
503 1308 545 1345 Id
578 1308 718 1345 falsum
751 1310 817 1345 est.
878 1309 978 1345 Nam
1011 1311 1115 1346 totus
1147 1309 1213 1346 1116
1246 1309 1354 1347 106115
1386 1309 1515 1347 Melite
1547 1311 1614 1356 est,
1646 1312 1688 1347 ut
1717 1304 1764 1345 ἐν

287 1382 377 1421 τοῖς
409 1366 603 1426 ὁρισμοῖς
634 1374 710 1425 τῆς
741 1368 971 1420 sro'flefflgffi')
1003 1376 1191 1424 scriptum
1224 1379 1292 1414 cst.
1353 1377 1429 1413 Iam
1462 1377 1545 1425 ipse
1576 1376 1763 1425 (Symma-

288 1445 398 1489 chus)
450 1444 564 1481 aliam
615 1444 729 1481 affert
781 1443 1011 1481 sententiam
1063 1443 1279 1493 Phrynichi
1326 1444 1558 1492 Monotropo
1608 1443 1764 1481 adiutus

287 1511 481 1559 (Kockius
510 1512 525 1548 l
557 1524 592 1560 p.
623 1513 715 1559 376,
744 1513 823 1556 26).
882 1510 957 1548 Sed
996 1510 1088 1560 quid
1126 1511 1173 1548 de
1205 1511 1335 1548 verbis
1366 1511 1389 1548 l.
1419 1513 1488 1549 28:
1527 1501 1668 1554 οὕτως
1698 1508 1763 1559 μέ-

285 1591 359 1628 ρος
390 1598 443 1603 —-
476 1576 608 1622 στοᾶς
646 1578 685 1623 (l.
714 1577 782 1623 29)
822 1577 1104 1615 iudicandum?
1173 1573 1286 1623 Quae
1324 1578 1371 1616 ab
1410 1579 1532 1616 altero
1573 1591 1764 1627 gramma-

284 1649 359 1685 tico
407 1650 493 1684 orta
538 1659 620 1684 6556
670 1649 708 1684 et
754 1647 1037 1695 parenthescos
1079 1646 1200 1684 instar
1246 1646 1426 1684 habenda
1472 1646 1579 1684 solus
1622 1659 1764 1694 cogno-

284 1716 339 1753 vit
386 1718 424 1752 ct
466 1714 582 1752 claris
624 1714 754 1752 verbis
797 1713 1017 1751 enuntiavit
1062 1714 1280 1762 Lollingius
1327 1726 1362 1762 p.
1396 1717 1493 1762 4693
1543 1714 1766 1752 inserviunt

283 1786 412 1820 autem
445 1781 678 1830 explicando
718 1782 781 1819 ubi
814 1794 903 1818 nam
936 1781 985 1818 sit
1021 1770 1044 1818 ὁ
1078 1775 1223 1830 ἕτερος
1256 1772 1465 1826 Κολωνὰς
1502 1771 1524 1818 ὁ
1557 1778 1763 1828 Μίσθιος,

285 1854 321 1888 ct
352 1863 484 1887 voram
517 1862 602 1887 esse
644 1850 743 1887 hanc
775 1850 962 1897 Lollingii
994 1850 1224 1887 sententiam
1263 1849 1451 1898 probatur
1488 1850 1601 1887 ctiam
1632 1849 1765 1888 addita

285 1918 479 1966 particula
512 1914 605 1953 νῦν.
667 1917 743 1955 Sed
775 1917 972 1966 quomodo
995 1916 1261 1965 intellegenda
1283 1920 1375 1954 sunt
1396 1917 1516 1955 verba
1549 1918 1571 1955 1.
1594 1919 1645 1956 25
1660 1929 1764 1966 sqq.:

283 1979 451 2034 μήποτε
485 1975 568 2021 οὖν
597 1978 648 2021 τὸ
678 1980 844 2034 χωρίον
876 1979 1017 2021 ἐκεῖνο
1048 1983 1140 2021 mv·
1172 1972 1207 2034 q}
1234 1977 1660 2034 περιλαμβάνεταιῖθ)
1692 1981 1765 2021 καὶ

1149 2039 1158 2054 (

286 2042 308 2101 ἡ
340 2042 459 2099 Πνύξ
495 2045 704 2095 Κολωνός
741 2046 857 2088 ἐστιν
894 2047 916 2088 ὁ
957 2044 1102 2100 ἕτερος
1139 2062 1162 2087 ο
1200 2047 1375 2099 μίσθιος
1412 2050 1449 2098 (6
1482 2052 1642 2090 Meursii
1674 2064 1765 2089 con-

285 2120 429 2156 iectura
464 2132 534 2167 pro
565 2115 739 2168 μίσθος)
774 2108 1088 2168 λεγόμενοςῧῐ)
1140 2108 1283 2163 οὕτως
1314 2140 1366 2143 —
1397 2131 1419 2156 a
1450 2131 1528 2168 quo
1560 2119 1681 2157 verbo
1711 2119 1765 2156 in-

288 2187 380 2235 cipit
411 2187 656 2235 parenthesis
688 2205 739 2210 -—-
770 2182 899 2236 μέρος
931 2197 968 2222 τι
1003 2184 1083 2222 vsu>
1114 2178 1304 2236 σύνηθες
1335 2181 1514 2236 γέγονεν
1544 2179 1595 2223 τὸ
1623 2184 1764 2223 Κολω-

287 2247 367 2289 νὸν
398 2252 549 2290 καλε-ἵν
579 2244 630 2291 τὸ
653 2245 844 2291 ὄπισθεν
875 2251 950 2304 τῆς
978 2251 1147 2303 μοεκρέῳι
1178 2251 1336 2297 omnig?
1387 2254 1497 2301 Quae
1529 2265 1762 2302 quamquam

286 2326 448 2369 accepta
480 2325 570 2359 sunt
601 2335 624 2359 a
646 2321 974 2360 Forchhammero
998 2324 1036 2359 et
1057 2321 1265 2370 Lollingio‚
1296 2326 1429 2370 aperte
1460 2324 1643 2370 corrupta
1664 2324 1765 2359 sunt.

289 2390 385 2426 Nam
419 2401 504 2426 cum
537 2390 642 2428 clare
674 2390 829 2428 eluceat
865 2389 1000 2427 scholii
1033 2391 1205 2427 tenorem
1239 2401 1324 2428 6556
1355 2388 1537 2434 sobrium,
1577 2389 1763 2427 scholium

293 2495 503 2530 Untorsuch.
524 2497 537 2529 1
559 2507 591 2539 p.
611 2499 689 2539 1673
715 2496 949 2539 Chauscnnm,
968 2496 988 2530 1.
1007 2506 1037 2530 a.
1056 2506 1090 2539 p.
1109 2499 1168 2539 323
1193 2494 1507 2530 Milchhoeferum:
1528 2495 1765 2531 Baumcisteri

292 2552 511 2586 Dcnkmiiler
536 2563 569 2596 p.
593 2556 663 2586 1231.

399 2611 443 2650 20)
473 2609 663 2651 Prellerus,
693 2609 713 2643 l.
733 2618 761 2642 a.
789 2620 823 2652 p.
845 2612 916 2651 175,
950 2608 1013 2643 has
1038 2607 1154 2643 fuisse
1179 2607 1385 2642 columellas
1411 2608 1616 2643 terminales
1641 2612 1764 2652 putat,

292 2664 417 2706 quales
450 2664 567 2698 adhuc
601 2665 851 2708 inveniuntur,
885 2664 929 2699 cf.
956 2665 993 2699 C.
1021 2664 1047 2699 I.
1072 2664 1119 2697 A.
1143 2664 1169 2703 1,
1188 2667 1261 2698 497.
1286 2668 1360 2697 500.
1389 2667 1470 2707 501;
1506 2664 1570 2698 sed
1596 2663 1764 2707 equidem

292 2720 335 2753 M.
355 2719 569 2763 Schmidtio‚
591 2721 675 2755 Did.
693 2720 854 2765 f1·g.:354‚
879 2721 1024 2763 Meiero,
1042 2721 1121 2755 Ind.
1140 2720 1219 2754 lect.
1237 2720 1315 2754 Hal.
1337 2723 1479 2764 1843s44
1496 2730 1531 2764 p.
1546 2724 1598 2763 63,
1615 2720 1766 2755 Wachs-

295 2775 442 2817 1111111110,
470 2776 748 2810 Wilamowitzio
774 2777 954 2811 assentior
979 2777 1107 2811 librum
1126 2776 1222 2810 hunc
1247 2776 1409 2819 intellegi
1434 2776 1648 2819 putantibus
1672 2770 1765 2819 (δρι-

290 2843 336 2873 σμ
354 2830 389 2865 οὶ
417 2835 476 2875 τῆς
495 2830 670 2876 πόλεως),
696 2842 714 2866 6
733 2833 931 2868 6611111161115
953 2832 1177 2876 descriptum
1204 2836 1240 2867 et
1264 2831 1521 2867 commentario
1546 2832 1765 2867 illustratum
