1830 3201
259 193 339 228 224

258 302 538 340 dubitationem
586 283 784 349 quandam
829 312 989 339 movere
1034 303 1249 349 potuerunt
1296 313 1373 338 non
1419 301 1634 349 attigerunt
1683 299 1741 347 (ut

258 369 511 407 Aristarchus
547 367 638 406 fecit
673 368 711 405 in
751 367 872 405 schol.
900 363 998 405 Ran.
1024 365 1160 417 1422),
1197 367 1251 405 ita
1287 367 1532 406 Callistratus
1570 380 1740 417 quoque,

259 448 373 485 quem
405 435 454 472 de
485 433 759 472 minutioribus
790 434 884 471 artis
914 434 1192 482 grammaticae
1222 433 1400 482 partibus
1430 436 1468 471 et
1498 433 1547 471 de
1578 433 1740 471 difficili-

258 504 331 541 bus
368 501 656 550 obscoenisque
694 501 899 539 vocabulis
944 504 982 538 et
1020 501 1069 538 de
1105 501 1327 550 proverbiis
1362 501 1575 550 praecipue
1612 501 1740 550 egisse

257 571 356 609 bene
396 569 588 607 intellexit
627 569 671 606 R.
701 567 939 606 Schmidtius
976 566 1016 614 (1.
1044 580 1076 605 a.
1108 580 1195 618 pag.
1225 566 1334 617 325),
1373 569 1533 617 triginta
1573 568 1739 607 duorum

258 636 510 685 scholiorum,
541 636 685 685 quibus
715 647 854 673 nomen
877 636 960 673 eius
988 634 1127 680 exstat,
1159 634 1281 673 tribus
1312 637 1461 673 tantum
1494 634 1626 685 (Vesp.
1651 638 1740 683 157,

258 705 331 742 Av.
362 705 452 748 997,
490 704 587 740 Rau.
618 700 741 747 1422)
779 701 982 739 historiam
1019 702 1158 750 tetigit,
1198 705 1236 739 et
1271 701 1317 739 iis
1353 701 1509 751 quidem
1549 702 1604 740 ita
1640 715 1740 740 com-

259 773 419 822 paratis,
451 775 492 809 ut
514 783 576 808 res
598 771 868 820 explicaretur
893 770 1097 808 obscurior
1129 773 1166 808 et
1188 769 1237 807 ad
1260 770 1565 819 intellegendum
1587 775 1740 819 poetam

260 841 394 889 utique
435 839 669 877 necessaria.
729 839 808 875 Iam
848 842 889 875 ut
926 838 1023 875 alios
1060 838 1246 887 omittam,
1281 838 1318 875 in
1351 850 1449 887 quos
1486 837 1587 876 idem
1624 838 1741 888 cadit,

260 907 576 957 Lycophronem,
615 906 904 955 Euphronium,
939 904 1297 951 Eratosthenem1),
1334 906 1482 954 primus
1519 907 1740 944 Demetrius

259 975 384 1023 Ixion,
416 974 498 1012 fere
524 974 637 1011 tertia
659 976 771 1022 parte
800 973 944 1011 saeculi
974 972 1135 1010 secundi
1162 985 1196 1010 a.
1218 972 1305 1011 Chr.
1328 985 1364 1010 n.
1392 973 1589 1023 florens2),
1619 975 1738 1012 schol.

261 1043 378 1091 Vesp.
410 1043 502 1086 240,
542 1039 647 1089 quod
685 1039 733 1077 ad
765 1051 850 1077 eum
889 1040 1085 1089 pertinere
1121 1042 1259 1089 postea
1290 1052 1496 1089 exponam,
1531 1041 1594 1078 vel
1626 1041 1739 1079 talem

260 1122 339 1147 rem
373 1113 522 1158 gestam
556 1107 732 1157 protulit,
771 1119 873 1156 quae
911 1106 958 1144 ad
996 1106 1335 1155 interpretandum
1367 1110 1522 1156 poetam
1559 1121 1637 1146 non
1670 1109 1740 1146 uti-

261 1189 337 1226 que
370 1176 594 1214 necessaria
625 1178 739 1224 esset,
770 1186 855 1212 cum
887 1174 973 1211 aliis
1003 1173 1191 1212 eiusmodi
1220 1174 1378 1212 scholiis
1408 1175 1505 1212 Ran.
1529 1177 1618 1213 191.
1646 1177 1728 1214 970

263 1246 368 1282 1196
401 1244 503 1281 iusta
536 1243 620 1280 vice
652 1242 894 1291 fungeretur.
954 1241 1031 1279 Sed
1064 1241 1221 1279 uberius
1252 1242 1343 1279 huic
1371 1241 1500 1280 studio
1531 1243 1740 1281 inservisse

260 1312 408 1360 primus
448 1310 642 1360 Didymus
679 1309 852 1359 videtur,
893 1309 1089 1348 Ciceronis
1126 1311 1291 1347 aetatem
1329 1321 1454 1358 paene
1492 1308 1742 1359 attingensss),

260 1391 375 1427 quem
413 1378 568 1415 omnino
609 1380 651 1415 ut
682 1377 894 1415 Homerum
933 1379 970 1414 et
1002 1375 1234 1425 Sophoclem
1273 1379 1598 1415 commentantem
1637 1378 1741 1415 curis

261 1446 404 1484 criticis
437 1445 558 1494 magis
589 1444 815 1482 incubuisse
847 1444 899 1482 ita
931 1444 1120 1482 comicum
1152 1444 1408 1492 explicantem
1445 1448 1488 1482 ut
1519 1445 1740 1483 enarrando

263 1526 349 1552 cum
388 1513 604 1551 illustraret
641 1512 840 1550 studiiisse
877 1511 1066 1549 videmus.
1132 1511 1255 1558 Quam
1288 1511 1336 1548 ob
1368 1523 1448 1549 rem
1487 1514 1529 1549 ut
1565 1511 1741 1550 homines

263 1581 379 1629 docti,
411 1581 648 1630 quicumque
680 1580 778 1617 haec
800 1579 950 1616 scholia
981 1579 1206 1627 attigerunt,
1239 1579 1414 1616 certatim
1448 1578 1741 1616 affirmaverunt

262 1649 467 1686 maximam
501 1660 634 1686 eorum
667 1650 815 1696 partem
855 1659 876 1683 a
912 1645 1081 1696 Didymo
1121 1658 1205 1684 esse
1242 1645 1470 1695 profectam,
1504 1646 1558 1684 ita
1592 1646 1740 1696 primus

264 1713 542 1760 Scl1midtius⁴)
573 1715 795 1752 accuratius
817 1714 1021 1762 quaesivit,
1054 1717 1150 1763 quot
1172 1713 1320 1751 scholia
1351 1713 1399 1751 ad
1429 1725 1515 1751 eum
1548 1713 1740 1752 referren-

264 1786 345 1833 tur3
375 1783 442 1821 sed
476 1795 562 1821 cum
586 1795 634 1820 ne
656 1783 688 1819 is
711 1781 868 1831 quidem
900 1782 1016 1831 plane
1038 1793 1118 1819 rem
1143 1781 1365 1831 absolverit,
1396 1781 1578 1830 equidem
1610 1780 1740 1819 denuo

264 1854 365 1890 hanc
388 1851 654 1900 quaestionem
676 1850 866 1894 tractabo,
899 1848 936 1886 id
959 1849 1083 1887 solum
1109 1860 1242 1898 agens,
1274 1852 1316 1886 ut
1337 1860 1470 1887 eorum
1493 1848 1739 1895 scholiorum,

263 1920 405 1969 quibus
442 1919 491 1956 de
523 1918 639 1956 rebus
670 1918 790 1967 gestis
828 1918 969 1966 agitur,
1007 1929 1109 1965 quae
1146 1916 1194 1953 ad
1235 1916 1349 1954 huius
1386 1916 1627 1964 grammatici
1663 1918 1741 1954 stu-

264 1988 369 2025 dium
403 1987 626 2036 pertineant
657 1997 853 2034 quaeram,
883 1985 959 2022 alia
980 1984 1026 2022 iis
1049 1985 1218 2034 mittens,
1249 1985 1314 2033 qui
1347 1984 1394 2021 de
1422 1983 1595 2022 fontibus
1623 1995 1739 2033 quae-

264 2056 440 2103 stionem,
472 2067 494 2091 a
515 2053 755 2092 Schneidero
777 2053 1005 2100 instItutam‚
1035 2052 1083 2090 ab
1106 2052 1189 2090 aliis
1221 2051 1406 2100 deinceps
1436 2052 1576 2089 iterum
1598 2054 1739 2089 tracta-

264 2125 393 2171 tatam,
424 2121 553 2159 denuo
586 2119 828 2170 deproment.

377 2232 403 2271 ¹)
436 2229 522 2262 Illos
556 2227 608 2261 his
635 2227 745 2261 rebus
777 2237 847 2260 non
877 2226 1064 2260 studuisse
1097 2225 1312 2260 Streckerus
1338 2235 1483 2269 quoque
1514 2226 1645 2269 probat
1669 2226 1691 2260 l.
1708 2236 1738 2260 a.

264 2295 371 2328 pagg.
391 2288 419 2318 3.
443 2288 491 2326 ll,
525 2294 603 2318 cum
638 2282 744 2325 hunc,
777 2288 817 2315 ut
847 2282 909 2325 qui
935 2281 1258 2325 chronographiam
1283 2282 1551 2325 conscripserit,
1581 2282 1617 2315 in
1648 2281 1739 2316 libro

264 2351 408 2385 quoque
442 2339 529 2385 περὶ
559 2335 716 2384 ἀρχαίας
745 2337 945 2386 κωλιιῳδίας
978 2338 1022 2372 de
1054 2338 1165 2372 rebus
1195 2338 1310 2381 gestis
1341 2338 1460 2381 egisse
1491 2338 1638 2381 afferat,
1674 2338 1739 2372 sed

264 2408 357 2442 quae
382 2398 489 2431 huius
515 2397 565 2431 rei
591 2395 731 2440 profert
757 2396 974 2430 documenta
1004 2393 1098 2438 frgg.
1122 2397 1163 2427 59
1189 2394 1315 2437 (schol.
1335 2394 1407 2428 Av.
1427 2397 1517 2438 556),
1544 2398 1584 2428 70
1610 2394 1738 2438 (schol.

264 2455 344 2487 Pac.
365 2455 434 2496 45),
462 2457 523 2487 119
549 2451 723 2497 (Hesych.
751 2462 777 2485 s.
796 2463 828 2487 V.
850 2447 995 2485 Ῥοίκοι·
1021 2449 1314 2495 κριθοῑιομπία),
1348 2460 1471 2485 eorum
1501 2451 1656 2495 primum
1688 2451 1739 2485 ita

266 2514 512 2552 comparatum
539 2513 604 2551 est,
630 2513 669 2542 ut
695 2508 773 2542 sine
799 2508 911 2542 dubio
936 2507 982 2541 ad
1008 2507 1330 2550 chronographiam
1356 2508 1546 2550 pertineat,
1577 2507 1614 2541 id
1640 2507 1738 2550 quod

266 2566 343 2608 ipse
370 2576 440 2599 non
469 2565 596 2608 utique
623 2565 770 2608 spernit,
801 2565 870 2598 alia
894 2568 1013 2598 autem
1038 2574 1143 2598 suum
1168 2563 1284 2597 locum
1310 2563 1494 2598 habebant
1516 2564 1553 2597 in
1579 2563 1668 2598 libro
1692 2563 1738 2598 de

265 2626 389 2656 vetere
414 2621 610 2663 comoedia,
644 2631 724 2654 cum
757 2621 909 2655 alterum
943 2619 1126 2664 pertineat
1158 2619 1203 2653 ad
1237 2624 1392 2663 tempus,
1425 2630 1497 2664 quo
1524 2621 1599 2655 Pax
1631 2620 1739 2655 docta

266 2678 322 2720 sit,
349 2678 499 2712 alterum
525 2677 571 2711 ad
596 2677 787 2711 obscuram
813 2677 994 2720 quandam
1019 2687 1091 2711 rem
1117 2675 1380 2719 explicandam.

377 2737 405 2773 2)
439 2733 494 2768 Cf.
519 2733 705 2776 Staesche,
732 2734 785 2767 De
810 2733 995 2767 Demetrio
1021 2732 1157 2766 Ixione.
1198 2731 1298 2766 Halis
1327 2736 1420 2775 1883,
1450 2743 1530 2776 pag.
1554 2737 1601 2767 11.

378 2791 406 2832 ³)
440 2790 459 2823 l.
479 2800 507 2823 a.
535 2799 615 2832 pag.
636 2794 666 2823 ϋ.
803 2790 830 2830 ⁴)
865 2790 884 2822 l.
903 2798 932 2823 a.
959 2799 1066 2835 pagg.
1086 2791 1237 2832 247sqq.
