1815 3231
1470 186 1519 217 §³55

47 293 209 331 usquam
242 283 336 321 alias
373 285 409 320 in
443 285 636 322 universis
668 286 904 323 (iraccoruin
943 288 1079 325 littoris
1118 291 1323 327 invenitur.
1386 292 1520 328 Aetate

47 349 335 399 posthomeriea
363 352 468 397 (nain
492 365 511 389 e
540 356 620 390 toto
643 353 812 391 llomcro
846 354 917 391 hoc
949 367 1063 393 unum
1088 359 1344 395 testinnonium
1379 360 1518 406 passivi

48 429 141 456 usus
191 420 321 468 potest
366 419 512 463 afferri)
563 420 638 457 alia
686 432 844 469 quoquc
891 422 1023 460 verba.
1082 437 1181 472 quac
1234 425 1346 462 medii
1400 427 1521 463 sorum

48 487 228 534 utuntur,
254 484 446 523 simillime
477 490 516 524 ct
537 486 742 524 transitive
765 491 803 525 et
824 490 976 536 passive
1001 494 1251 539 usurpantur.
1314 494 1522 531 Notissima

47 554 140 590 sunt
169 552 266 591 haec
298 553 489 603 exempla,
520 567 622 603 quae
654 554 692 592 in
726 556 880 604 optimis
911 557 1164 606 scriptoribus
1196 560 1346 597 solutae
1381 563 1519 598 oratiw

46 620 105 658 nis
127 620 398 659 inveniuntur:
427 615 659 671 αἱρεῖσθαι,
683 622 788 672 quod
811 624 1002 672 significat
1024 630 1061 663 ct
1083 622 1261 670 ,.crcarc“
1283 631 1319 664 ot
1340 626 1524 676 ,‚‹·rc:1ri“‚

46 684 422 738 μεταπέμπεσθαι,
459 689 565 738 quod
597 690 790 739 significat
820 694 859 728 et
888 689 1133 741 „arcessere“
1165 698 1201 732 (εἴ,
1233 693 1433 742 „ar‹=cssi“;
1474 697 1522 733 cs.

49 756 242 805 Kruegeri
273 769 332 806 gr.
352 757 418 795 Gr.
447 758 474 807 I,
496 760 560 807 52,
586 761 648 809 10,
673 762 733 796 11.

751 1073 773 1125 g
806 1074 841 1114 3.

126 1158 195 1201 De
227 1159 296 1202 eis
327 1160 501 1215 verbis,
535 1161 702 1213 quibus
735 1162 967 1215 principio
1000 1164 1046 1205 et
1076 1164 1371 1206 transitivam
1405 1166 1445 1205 et

190 1227 541 1271 intransitivam
574 1230 668 1272 vim
700 1230 963 1273 inhaesisse
995 1231 1193 1278 cogitari
1226 1232 1393 1284 potest.

163 1323 274 1361 Haec
295 1323 417 1362 verba
447 1327 539 1362 sunt
570 1337 592 1362 a
614 1324 775 1364 Graecis
808 1328 961 1363 novata.
1012 1326 1260 1375 Quapropter
1287 1327 1365 1364 lieri
1391 1328 1526 1375 potnit,

51 1393 93 1428 ut
123 1391 254 1430 statim
285 1392 479 1442 principio
509 1394 695 1442 ambigua
727 1393 833 1432 notio
865 1393 919 1431 eis
949 1394 1194 1432 tribueretur.

588 1496 797 1551 δινεὺω,
829 1502 995 1543 dlvi-'oz

164 1583 314 1622 Horum
355 1586 566 1634 utrumque
598 1585 759 1623 verbum
800 1588 858 1623 est
897 1585 1238 1623 denominativum.
1297 1586 1354 1622 De
1386 1585 1524 1623 radice,

52 1662 154 1701 quae
186 1652 242 1690 eis
273 1652 529 1691 substantivis
560 1653 707 1699 subest,
745 1666 767 1691 a
798 1653 939 1702 quibus
976 1653 1040 1690 illa
1071 1653 1188 1690 verba
1223 1656 1311 1690 sunt
1342 1652 1527 1699 derivata,

52 1718 99 1756 cf.
131 1718 237 1758 Ourt.
265 1719 345 1758 ΕΗ)
367 1723 465 1770 236;
497 1717 685 1759 Vaniiiek.
709 1722 736 1766 1,
759 1724 857 1769 3623
894 1719 1089 1765 Fick.311,
1116 1723 1206 1759 129.

165 1789 253 1826 Duo
294 1789 364 1826 illa
400 1788 538 1839 verba,
579 1801 680 1839 quae
722 1789 986 1838 lexicographi
1030 1788 1306 1837 confuderunt,
1347 1792 1384 1825 et
1425 1799 1526 1836 quae

53 1855 128 1894 iam
159 1855 207 1894 ab
234 1856 321 1905 ipsa
342 1857 477 1906 lingua
509 1857 673 1896 confusa
702 1859 805 1905 sunt,
836 1860 879 1895 ut
909 1857 1032 1906 prima
1060 1857 1164 1894 notio
1196 1855 1358 1893 duorum
1391 1854 1526 1903 dispici

52 1925 190 1974 possit,
220 1924 443 1964 distinenda
475 1928 579 1964 sunt.

657 2026 694 2054 α.
738 2008 937 2052 ermom.

168 2096 243 2143 Qui
275 2095 395 2134 verba
426 2096 633 2134 Homerica
664 2096 701 2133 in
724 2087 829 2131 -εύω
856 2093 1037 2132 cadentia
1068 2092 1377 2142 perlustraverit,
1409 2091 1527 2128 multa

56 2175 104 2201 ex
135 2163 180 2201 iis
211 2176 289 2201 non
321 2163 512 2202 recedere
548 2163 596 2201 ad
628 2163 872 2201 substantiva
903 2162 939 2198 in
971 2152 1057 2198 -εὖς
1094 2159 1271 2197 cadentia
1309 2161 1529 2207 cognoscet.

56 2231 256 2269 Eiusmodi
277 2231 399 2270 verba
430 2245 477 2270 ex
500 2231 680 2280 analogia
711 2230 873 2268 aliorum
896 2229 1117 2276 verborum,
1148 2239 1247 2276 quae
1278 2227 1362 2275 ipsa
1393 2238 1414 2262 a
1442 2225 1528 2262 sub-

7 2333 10 2336 *
57 2299 227 2337 stantivo
258 2300 296 2337 in
318 2292 408 2345 -εύς
439 2299 643 2337 desinente
665 2301 755 2336 sunt
786 2297 902 2334 ducta
934 2296 999 2342 (cf.
1020 2286 1176 2345 ἱερεύω
1208 2295 1255 2331 ab
1278 2283 1426 2342 ἱερεύς,
1458 2290 1530 2338 βα-

59 2359 220 2404 σιλεύω
250 2379 273 2405 a
293 2360 499 2413 βασιλεύς
528 2370 598 2405 etc.
627 2364 825 2414 deducta),
856 2367 992 2414 postea
1022 2363 1110 2401 ficta
1137 2365 1239 2400 sunt.
1297 2360 1359 2398 Sic
1390 2371 1452 2397 res
1484 2359 1530 2396 de

58 2427 219 2473 δινεύω
241 2447 401 2486 quoque
431 2447 473 2474 se
495 2435 643 2474 habere
665 2433 830 2471 videtur'
890 2433 1029 2470 Exstat
1059 2430 1213 2480 quidem
1246 2428 1528 2466 substantivum

59 2498 156 2554 δίνη
188 2500 370 2553 (vortex),
402 2503 515 2542 deest
544 2506 671 2541 autem
703 2500 990 2540 substantivum
1013 2490 1152 2542 ὁίιέύς
1183 2496 1287 2546 apud
1320 2496 1530 2533 Homerum

59 2574 98 2609 et
127 2572 165 2609 in
196 2573 279 2609 toto
311 2583 491 2610 sermone
522 2567 720 2614 Graeco.¹)

173 2692 200 2734 ²)
235 2689 288 2724 Cf.
315 2692 355 2724 L.
378 2690 526 2734 Meyer.,
559 2687 852 2730 Bezzenbergers
884 2684 1054 2727 Beitriige
1086 2694 1148 2717 zur
1179 2681 1310 2715 Kunde
1341 2680 1404 2713 der
1434 2679 1533 2741 indlo-

58 2745 336 2790 germanischen
352 2744 505 2780 Vorzeit
529 2745 557 2789 Ι,
576 2748 627 2780 32,
676 2744 869 2778 Praeterea
893 2741 930 2773 in
949 2740 1160 2774 universum
1186 2738 1230 2771 de
1249 2736 1366 2771 verbis
1392 2736 1425 2769 in
1445 2746 1532 2768 -erw

59 2801 278 2836 cadentibus
304 2801 471 2846 disputat
495 2801 655 2844 Curtius,
680 2796 850 2841 Verb.21,
869 2799 931 2830 367
943 2804 1023 2839 sqq.
