1830 3201
310 171 388 206 366

311 266 387 329 qho
418 280 518 316 Plut.
547 279 620 317 Sol.
649 281 700 317 29
738 273 778 315 οἱ
811 274 855 315 δὲ·
891 274 938 315 ἐν
977 271 1093 316 ἄστει
1131 271 1291 324 πάντες
1329 274 1585 328 ἐστασίαζον
1624 269 1787 329 ἅποδη-
1828 275 1829 279 ’

308 345 500 396 μοῦντος
535 344 618 383 τοῦ
650 338 877 390 Σόλωνος.
930 342 1002 382 καὶ
1039 339 1315 397 προειστήκει
1352 344 1445 383 τῶν
1482 342 1560 396 μὲν
1592 342 1787 383 Πεδιέων
1829 346 1830 357 ’

310 411 581 463 Λυκοῦργος,
612 410 703 450 τῶν
727 409 772 450 δὲ
795 406 1015 462 Παράλων
1037 411 1269 465 ΗΙεγακλῆς
1300 402 1323 450 ο
1354 403 1657 463 Ἀλκμαίωνος,
1692 411 1787 451 Πει-

312 477 540 531 σίστρατος
572 475 616 517 δὲ
647 478 740 518 τῶν
770 477 1004 530 anamim,
1037 481 1105 518 sed
1129 485 1186 519 est
1214 484 1319 519 certe
1341 482 1671 531 verisimillimum,
1701 495 1787 520 cum

311 549 442 597 paullo
476 551 562 597 post
593 548 871 586 Philochorum
904 548 1104 586 videamus
1136 549 1365 597 inspectum,
1404 549 1499 586 haec
1536 549 1584 586 ad
1622 549 1786 587 eundem

311 615 460 653 referri.
522 615 747 653 Philochori
778 615 1037 663 fragmentum
1070 615 1318 653 inserendum
1351 620 1440 665 post
1468 619 1531 655 35.

425 680 492 728 23)
535 682 660 721 Schol.
683 683 774 731 Lys.
800 685 922 720 1144:
954 678 1105 731 Κίμων
1133 676 1242 731 μετὰ
1271 676 1351 733 τὴν
1380 678 1427 720 ἐν
1450 680 1689 728 Πλαταιαῖς
1714 676 1789 733 μά-

308 760 390 800 χην
426 740 477 797 ιβ’
513 743 598 787 ἔτει
639 741 834 799 ὕστερον.
892 747 1033 787 ταῦτα
1068 741 1122 801 ἦν
1159 745 1227 787 ἐπὶ
1265 746 1539 800 Θεαγενίδου.
1593 747 1665 787 καὶ
1707 744 1789 801 γὰρ

310 815 390 854 τοῦ
432 813 649 867 Ταϋγέτου
686 829 724 854 τι
758 810 1010 868 παρερράγη
1049 814 1122 854 καὶ
1153 811 1204 855 τὸ
1236 807 1395 868 (ρ’δεῖον
1436 814 1507 854 καὶ
1549 811 1675 869 ἕτερα
1717 814 1790 871 καὶ

312 879 442 920 οἰκίαι
475 882 687 930 πλεῖσται,
729 881 802 920 καὶ
838 875 1079 936 Μεσσήνιοι
1121 875 1393 929 ἀποστάντες
1432 879 1678 935 ἐπολέμουν
1716 882 1788 922 καὶ

313 945 483 996 εἵλωτες
501 945 754 1002 ἐπέστησαν,
772 945 853 995 ἕως
871 948 1021 1001 Κίμων
1039 943 1185 988 ἐλθών
1204 945 1274 989 διὰ
1290 945 1371 1004 τὴν
1388 947 1611 1004 ἱκετηρίαν
1629 946 1791 990 ἔσωσεν

313 1009 488 1062 αὐτούς.
534 1021 589 1057 De
611 1032 653 1057 re
676 1019 723 1056 cf.
740 1019 863 1057 Thuc.
887 1021 914 1068 I,
933 1022 1022 1058 101.
1048 1022 1141 1063 1023
1173 1020 1272 1057 Plut.
1293 1020 1385 1058 Cim.
1411 1023 1472 1070 16,
1494 1024 1560 1064 17;
1590 1020 1704 1059 Diod.
1725 1022 1790 1070 XI,

314 1089 381 1133 633
428 1086 611 1135 Polyaen.
640 1086 669 1130 Ι,
691 1089 755 1134 41,
779 1089 820 1135 2;
864 1087 1011 1124 Aelian.
1042 1088 1084 1124 V.
1114 1088 1160 1124 11.
1195 1090 1228 1132 6,
1259 1090 1296 1130 73
1343 1087 1590 1133 Dunckerus,
1622 1089 1670 1126 N.
1700 1089 1740 1126 F.
1777 1090 1788 1125 1

312 1166 347 1202 p.
370 1156 451 1192 240
464 1166 563 1202 sqq.;
597 1154 795 1191 Busoltius
822 1154 858 1191 11
890 1167 926 1203 p.
947 1157 1042 1203 439,
1061 1154 1136 1192 alii.
1185 1156 1279 1192 Rem
1312 1155 1434 1204 ipsam
1457 1156 1670 1193 sobrietate
1699 1168 1791 1205 qua-

314 1220 400 1257 dam
442 1220 543 1258 inter
579 1233 712 1258 omnes
751 1221 867 1259 huius
904 1222 958 1259 rei
1001 1222 1247 1260 narrationes
1289 1227 1492 1270 praestare
1534 1224 1677 1271 optimo
1708 1223 1791 1261 iure

314 1288 519 1326 adnotavit
550 1288 798 1337 Dunckerus,
831 1289 853 1326 1.
876 1302 908 1326 a.
940 1302 975 1337 p.
999 1292 1090 1327 241.
1150 1289 1274 1336 Quam
1303 1303 1325 1327 a
1347 1290 1582 1328 Philochoro
1612 1291 1790 1328 haustam

313 1367 400 1393 esse
421 1356 609 1404 probatur
631 1368 678 1393 ea
700 1357 1038 1405 argumentatione
1061 1370 1175 1405 quam
1200 1360 1315 1394 antea
1336 1357 1583 1395 instituimus.
1642 1358 1791 1395 Etenim

314 1435 399 1460 cum
439 1424 575 1472 paullo
612 1427 703 1461 ante
739 1423 787 1460 ad
827 1436 860 1461 v,
895 1426 1000 1463 1138
1041 1418 1082 1460 οὶ
1123 1417 1433 1474 συντεταχότες
1471 1417 1546 1469 τὰς
1581 1414 1792 1471 Ἀτθίδας,

313 1490 333 1526 1.
363 1502 395 1527 e.
427 1493 469 1527 ut
500 1489 666 1527 vidimus
699 1490 917 1528 Androtion
956 1494 992 1528 et
1023 1491 1291 1537 Philochorus,
1331 1492 1592 1540 nominentur,
1629 1504 1792 1541 quorum

314 1559 482 1607 priorem
523 1558 802 1596 Philochorum
843 1558 1034 1607 inspicere
1078 1560 1195 1596 moris
1231 1559 1349 1597 fuisse
1397 1559 1637 1608 grammatici
1679 1563 1793 1598 antea

316 1626 495 1675 vidimus,
532 1626 628 1664 haec
660 1638 816 1675 quoque
848 1639 909 1664 res
947 1626 995 1663 ad
1028 1626 1304 1665 Philochorum
1338 1627 1544 1665 referenda
1575 1632 1645 1677 est,
1683 1639 1793 1677 prae-

315 1695 444 1731 sertim
477 1706 562 1731 cum
595 1707 617 1731 a
648 1694 848 1742 Stephano
882 1694 1070 1743 Byzantio
1103 1706 1131 1732 s.
1158 1707 1197 1732 v.
1222 1690 1392 1732 Αἰθαία
1429 1707 1530 1744 quae
1561 1696 1643 1733 sine
1675 1695 1792 1734 dubio

316 1762 352 1798 in
387 1761 521 1799 eadem
555 1761 836 1799 Messeniorum
875 1761 1106 1800 defectionis
1140 1763 1363 1800 narratione
1401 1763 1579 1811 exposita
1610 1766 1693 1800 erat
1729 1761 1794 1809 (cf.

316 1824 683 1878 T1111o.1,'101,2)
725 1842 810 1867 eum
843 1829 1066 1867 accuratius
1108 1830 1154 1867 de
1195 1833 1277 1867 tota
1318 1830 1389 1867 hac
1431 1843 1472 1868 re
1514 1831 1638 1878 egisse
1679 1830 1794 1868 liceat

319 1896 566 1934 concludere.
642 1900 779 1934 {evera
810 1900 938 1934 autem
977 1896 1304 1946 atthidographos
1342 1909 1426 1935 esse
1463 1898 1677 1947 consultos,
1716 1910 1791 1935 non

317 1964 479 2001 aliorum
499 1964 692 2012 quendam
712 1964 995 2012 historicorum,
1017 1964 1132 2002 docet
1154 1968 1192 2002 et
1209 1965 1401 2013 praetoris
1418 1977 1556 2003 nomen
1577 1965 1792 2014 praescrip-

318 2037 398 2067 tum
421 2034 459 2068 et
482 2030 686 2068 diversitas
713 2043 815 2079 quae
836 2031 1040 2068 intercedit
1069 2031 1170 2068 inter
1192 2031 1328 2068 scholii
1352 2031 1597 2069 sobrietatem
1627 2034 1665 2069 et
1687 2032 1792 2069 Plut-

318 2097 426 2134 archi
446 2097 686 2146 Diodorique
706 2100 885 2135 ornatum
904 2096 1204 2143 rhet01·icum.48)
1246 2097 1321 2135 Sed
1344 2099 1381 2135 in
1400 2098 1635 2146 Philochori,
1658 2101 1699 2136 ut
1720 2099 1792 2135 iam

319 2164 498 2214 vidimus,
535 2164 754 2213 fragmento
785 2166 868 2213 ipso
900 2168 990 2203 ante
1019 2168 1069 2204 86
1103 2164 1264 2211 (Muell.)
1302 2165 1511 2203 inserendo
1548 2177 1698 2214 paucae
1734 2177 1792 2203 re-

319 2234 423 2268 stant
445 2231 708 2270 difficultates.
746 2232 873 2270 Hodie
890 2233 989 2270 enim
1014 2235 1165 2270 constat
1187 2232 1269 2270 fere
1292 2233 1392 2270 inter
1416 2232 1600 2270 historiae
1618 2232 1791 2270 Graecae

318 2299 531 2345 scriptores
578 2298 642 2345 (cf.
679 2301 836 2347 praeter
874 2299 1013 2337 allatos
1053 2299 1214 2337 Grotius
1251 2299 1305 2336 111
1342 2311 1376 2347 p.
1409 2301 1505 2346 245,
1548 2298 1704 2337 Curtius
1741 2298 1795 2335 115

318 2376 354 2412 p.
385 2367 460 2403 137
500 2369 537 2402 et
573 2364 649 2403 1115
687 2378 777 2415 app.
813 2378 848 2415 p.
877 2363 945 2414 82)
986 2378 1088 2403 anno
1121 2363 1276 2413 464s63
1316 2365 1504 2403 archonte
1545 2364 1792 2403 Archedemo

318 2430 482 2480 Spartae
513 2435 655 2470 terram
688 2433 867 2482 movisse,
896 2445 999 2471 anno
1028 2436 1107 2472 461
1141 2433 1338 2471 Cimonem
1370 2433 1516 2471 auxilio
1539 2433 1690 2470 venisse
1721 2432 1792 2470 La-

319 2497 591 2537 cedaemoniis.
652 2499 801 2546 Quibus
832 2512 917 2537 cum
951 2500 1065 2538 rebus
1103 2499 1299 2549 quomodo
1338 2512 1382 2537 ea
1415 2502 1580 2549 possunt
1611 2499 1794 2547 coniungi

320 2578 420 2614 quae
452 2567 488 2604 in
513 2567 734 2605 Philochori
757 2567 975 2616 fragmento
1007 2568 1191 2605 exstant?
1240 2568 1289 2605 Et
1309 2567 1474 2616 primum
1499 2567 1652 2616 quidem
1686 2566 1791 2616 quod

322 2633 510 2671 auxilium
542 2635 700 2672 missum
739 2638 776 2673 et
813 2638 942 2673 terrae
973 2637 1099 2673 motus
1136 2634 1260 2672 eidem
1292 2635 1456 2683 tempori
1489 2634 1685 2683 tribuitur,
1716 2646 1792 2671 non

431 2764 474 2802 ⁴⁸)
509 2761 562 2796 Of.
587 2762 785 2801 Busoltius.
811 2763 831 2797 1,
851 2773 881 2796 a.
902 2762 935 2795 11
963 2773 995 2806 p.
1015 2765 1078 2797 439
1105 2762 1186 2796 adn.
1210 2765 1235 2796 1.
