1815 3231
1398 169 1475 204 :393

0 282 154 319 omnino
196 294 271 318 non
316 284 386 330 est,
427 293 496 318 eur
534 281 593 318 his
623 281 780 318 scholiis
818 280 1057 321 (liftidamus;
1100 279 1166 316 sed
1210 280 1340 328 potius
1381 279 1478 316 duas

0 361 189 398 ponemus
221 350 413 397 Coesyras
451 349 575 386 aviam
608 352 646 386 et
677 353 843 398 neptem.
904 348 991 394 Qua
1020 349 1056 385 in
1088 360 1129 385 re
1161 360 1276 396 quam
1314 348 1477 384 maxime

0 415 231 454 adiuvamur
254 416 396 454 Herod.
422 417 482 464 VI,
509 420 597 465 125,
621 416 723 454 unde
747 417 1006 465 comperimus
1028 420 1065 453 et
1087 416 1335 453 Alemaeonis
1358 415 1476 452 tilium

0 485 212 532 Megaclcm
247 485 367 523 fuisse
398 497 633 534 quamquam
667 496 742 522 non
777 484 940 532 primum
974 483 1041 521 sed
1073 483 1300 527 secundum,
1333 487 1372 521 et
1402 484 1478 521 Me-

0 553 161 601 gaclem,
198 565 284 590 cum
316 553 543 590 Pisistratus
576 554 714 590 iterum
747 551 968 600 tyranidem
1005 555 1224 601 appeteret,
1260 544 1479 602 (ἐπιχειρη-

0 627 126 657 σαντι
157 624 392 669 τυρανιεῖπ
422 620 459 657 in
493 618 657 666 scholio)
690 615 1087 670 ἐπικηρυκευέσθαι
1112 612 1413 669 Πεισιστράτω
1445 614 1481 655 εἰ

0 681 211 734 βουλοιτο
244 682 284 724 οἱ,
315 681 396 740 τη]
426 684 647 738 θυγατέρα
683 682 794 737 ἐχειν
823 691 1010 737 γυναῖκα
1049 682 1116 724 ἐπὶ
1155 684 1207 736 τῆ
1240 683 1481 737 τυοαννίὸι,

2 754 107 804 quod
141 756 344 793 consilium
377 759 536 794 secutus
558 758 616 794 est
646 755 881 794 Pisistratus.
943 755 1026 802 Cui,
1057 768 1142 793 cum
1176 755 1279 805 apud
1305 755 1481 793 Herodo-

0 826 80 860 tum
104 835 150 860 ea
168 835 244 860 non
269 823 503 872 nominetur,
534 835 674 861 nomen
699 823 895 872 Coesyrae
919 822 1038 860 fuisse
1067 834 1137 860 cur
1169 834 1244 859 non
1276 822 1482 860 credamus

1 902 121 928 causa
152 903 228 928 non
261 893 328 936 est,
368 891 596 940 praesertim
635 903 721 928 eum
761 891 877 928 moris
917 892 1018 927 esset
1056 888 1161 939 apud
1194 889 1367 928 Graecos
1404 903 1481 927 non

2 958 126 995 solum
161 959 292 1008 nepoti
325 959 401 1008 avi,
431 959 498 996 sed
531 959 643 996 etiam
678 959 783 1008 nepti
813 958 924 995 aviae
957 970 1097 995 nomen
1128 958 1341 1007 imponere.
1402 959 1481 996 Iam

3 1025 148 1063 fontem
181 1026 284 1064 nude
315 1027 557 1076 grammatici
589 1027 790 1064 hauserint
820 1026 1009 1063 confiteor
1040 1038 1099 1063 me
1131 1038 1207 1063 non
1241 1038 1353 1074 posse
1386 1025 1482 1063 indi-

3 1106 108 1131 care:
141 1096 183 1131 ut
214 1093 336 1131 dicam
369 1094 462 1143 quid
496 1095 658 1132 sentiam
697 1094 861 1131 maxime
892 1093 982 1130 mihi
1016 1093 1146 1142 placet
1183 1092 1231 1130 ad
1263 1092 1485 1130 Aristotelis

5 1161 281 1210 rempublicam
306 1162 601 1200 Atheniensium
625 1161 774 1199 scholia
797 1161 934 1199 referri
956 1164 1106 1210 putare,
1133 1161 1279 1209 quippe
1301 1161 1366 1209 qui
1389 1160 1485 1198 liber

5 1230 163 1278 saepius
196 1229 245 1267 de
276 1230 393 1267 rebus
426 1230 618 1267 Pisistrati
652 1230 854 1267 consultus
886 1230 947 1266 sit.

122 1297 273 1335 Deinde
296 1298 372 1335 huc
390 1298 560 1346 pertinet
581 1298 703 1335 schol.
721 1298 737 1334 Ι
761 1298 858 1345 Equ.
875 1299 955 1335 445
979 1297 1002 1333 l.
1023 1299 1189 1335 12—18:
1213 1291 1261 1332 ἐκ
1282 1292 1374 1331 τῶν
1394 1285 1485 1332 ἅλι-

8 1361 189 1416 τηρίωνῑ
222 1363 315 1402 τῶν
335 1359 611 1415 μετεχόιΗτωι
632 1362 714 1401 τοῦ
739 1360 992 1402 Κολωνι-ίου
1020 1356 1163 1413 (Ξγους,
1196 1353 1305 1413 όπερ
1328 1358 1386 1407 εἰς
1407 1353 1487 1414 την

12 1421 171 1484 Αθηι
145 1444 200 1470 αν
228 1428 351 1470 δοκεῖ
374 1429 510 1483 γενέσ
504 1433 577 1469 (θαι
609 1423 811 1484 ἀσέβημα,
844 1422 1079 1481 ἐπειὸηπερ
1114 1442 1152 1467 οι
1182 1429 1485 1481 συγκατακλει-

7 1496 188 1545 σθέντες
217 1499 282 1537 τῶ
312 1492 487 1539 Κύλωνι
519 1496 568 1537 ἐν
597 1497 650 1549 τῇ
680 1490 919 1549 (Ξκροπολει
952 1494 1011 1543 εἰς
1032 1492 1114 1548 τὴν
1136 1495 1279 1547 κοίσιν
1308 1493 1420 1534 κατέ
1415 1497 1485 1547 3²7]-

7 1575 88 1605 σαν
119 1563 166 1605 ἐν
188 1559 333 1619 'Amico
364 1562 506 1619 πιΞγο),
538 1564 587 1605 ἐκ
617 1580 697 1605 τοι
732 1562 858 1613 ἕδους
888 1566 963 1619 τῆς
994 1564 1106 1603 mco?
1140 1559 1380 1615 ἐξάψαντες
1410 1559 1490 1616 τὴν

8 1631 246 1687 ἱκετηρίαν
278 1650 326 1688 ης
349 1633 622 1713 διαρρυείσης
645 1633 788 1680 λίθοις
814 1647 869 1672 αν
874 1647 979 1679 τους
1002 1628 1163 1681 ἔβαλον
1192 1645 1229 1670 οι
1256 1623 1387 1684 Αθηι
1391 1637 1489 1669 αῖοι.

9 1694 249 1756 ἀλιτηρίων
279 1701 335 1755 ὁὲ,
369 1695 467 1742 ἀντὶ
488 1701 569 1742 τοῦ
594 1699 775 1754 ἐνἀγιῦι.
837 1704 895 1740 De
919 1703 1072 1740 duobus
1093 1702 1177 1739 aliis
1200 1702 1369 1746 scholiis,
1391 1713 1491 1749 quae

10 1773 57 1810 ad
90 1774 193 1811 hunc
224 1785 380 1811 versum
415 1772 614 1822 adscripta
645 1776 746 1820 sunt,
776 1784 798 1808 a
826 1770 1060 1820 Thucydide
1092 1769 1406 1818 dependentibus
1437 1769 1491 1805 vi-

10 1842 136 1879 dimus
168 1853 202 1890 p.
231 1843 322 1879 281.
382 1841 544 1878 Praeter
574 1838 846 1887 Thucydidem
887 1838 934 1875 de
973 1837 1148 1886 Cyloneo
1186 1837 1335 1873 scelere
1372 1835 1493 1872 verba

10 1909 102 1946 facit
133 1908 276 1946 Herod.
300 1909 342 1953 V,
367 1911 415 1946 71
450 1910 488 1945 et
519 1908 583 1956 qui
605 1905 881 1955 Thucydidem
905 1904 1062 1942 videtur
1093 1905 1251 1941 secutus
1273 1915 1359 1939 esse
1392 1903 1490 1939 Pau-

11 1989 94 2015 san.
115 1977 142 2026 Ι,
164 1979 228 2022 25,
250 1979 286 2014 2.
327 1975 551 2013 Herodotus
573 1987 649 2012 non
673 1974 798 2011 minus
821 1985 938 2022 quam
961 1970 1218 2020 Thucydides
1240 1983 1262 2007 a
1283 1970 1493 2007 scholiasta

12 2045 202 2088 dissentit,
234 2046 276 2081 ut
306 2055 408 2081 unus
440 2046 561 2080 restet
593 2042 695 2079 Plut.
717 2041 792 2080 Sol.
819 2043 867 2078 1⁴2
906 2032 1146 2088 ἐξάψαντες
1177 2033 1221 2074 δὲ
1254 2035 1336 2074 τοῦ
1368 2030 1495 2075 ἕδους

13 2105 179 2163 κρόκην
210 2104 414 2163 κλωστὴν
454 2106 523 2146 καὶ
564 2102 725 2160 ταύτης
762 2103 1007 2158 ἐχομένους,
1050 2095 1110 2150 ὦς
1147 2100 1350 2157 ἐγένοντο
1392 2101 1490 2153 περὶ

12 2174 89 2225 τὰς
119 2169 277 2229 σεμνὰς
297 2169 404 2223 θεας
434 2173 777 2224 καταβαίνοντες
808 2166 1070 2224 αὐτομάτως
1099 2171 1179 2222 τῆς
1199 2165 1360 2223 κρόκης
1398 2165 1493 2222 ῥαγ-

14 2244 145 2298 είσης,
178 2236 350 2297 ὥρμησε
388 2237 709 2293 συλλαμβάνειν
748 2254 771 2279 ο
804 2239 1035 2293 ᾹΙεγακλῆς
1074 2252 1143 2277 και
1186 2234 1226 2276 οἱ
1259 2230 1495 2289 συνάρχον-

13 2326 83 2359 τες
121 2303 181 2359 ὥς
210 2311 287 2366 τῆς
316 2310 429 2351 θεοῦ
469 2303 550 2364 τὴν
581 2306 746 2348 ἱκεσίαν
777 2300 1118 2358 ἀπολεγομένης.
1168 2303 1237 2344 καὶ
1278 2318 1383 2352 τους
1417 2317 1496 2356 μεν

15 2376 99 2430 ἔξω
130 2377 407 2424 κατέλευσαι,
438 2391 479 2417 οι
508 2375 552 2417 δὲ
574 2382 695 2424 τοῖς
688 2376 851 2427 Θεομοῖς
881 2368 1218 2425 προσφυγόντες
1250 2364 1497 2424 απεσφάγη-

17 2458 99 2487 σαν
129 2476 140 2486 .
172 2479 179 2486 .
214 2478 222 2486 .
254 2443 301 2486 ἐκ
332 2459 413 2485 τοι
417 2458 497 2484 του
529 2442 574 2484 δὲ
606 2441 844 2496 κληθέντες
874 2438 1040 2492 ἐναγεῖς
1077 2438 1326 2492 ἐμισοῦντο.
1388 2441 1497 2488 Quae

17 2518 102 2566 ipse
133 2516 243 2554 vides
274 2515 466 2554 artissime
499 2527 585 2552 cum
609 2513 757 2551 scholio
780 2513 1004 2558 cohaerere,
1035 2515 1078 2548 ut
1109 2509 1289 2559 equidem
1324 2522 1399 2546 non
1430 2509 1499 2546 du-

18 2585 134 2622 bitem
158 2583 205 2621 ad
229 2583 394 2621 eundem
417 2582 564 2620 fontem
588 2581 657 2618 has
681 2580 778 2618 duas
800 2578 1047 2617 narrationes
1077 2578 1235 2623 referre,
1268 2578 1361 2626 quin
1385 2577 1498 2614 etiam

18 2650 209 2689 scholium
252 2650 455 2688 Plutarchi
495 2649 581 2686 loco
625 2648 836 2696 corrigere.
904 2647 1004 2683 Nam
1047 2644 1139 2694 quid
1185 2645 1360 2693 ineptum
1401 2642 1497 2680 illud

19 2714 324 2768 διαρρυείσηςῖ
373 2718 450 2755 Ρι·ο
473 2729 550 2766 qno
573 2710 874 2765 διαρραγείσης
903 2712 1151 2750 scribendum
1174 2723 1259 2749 esse
1281 2711 1354 2748 iam
1378 2711 1499 2748 vides.

19 2785 98 2823 Iam
130 2779 367 2834 Prinziusw)
398 2783 581 2833 probavit
612 2782 711 2819 duos
743 2781 987 2831 potissimum
1021 2779 1150 2816 fontes
1183 2781 1392 2826 usurpatos
1414 2788 1500 2815 esse
