1815 3231
1457 191 1527 224 12?

53 289 180 326 torum
213 289 327 337 parte
365 299 424 325 me
457 290 560 326 stare
600 300 750 338 negem,
786 293 875 327 ante
907 292 1033 329 omnia
1069 293 1105 330 id
1139 294 1224 332 (lico
1262 296 1355 333 nihil
1388 296 1530 335 habere

53 355 148 404 miri,
179 354 286 404 quod
309 355 347 393 in
369 355 711 403 grammaticorum
735 368 898 395 numero
931 359 1115 398 Zenodoti
1145 362 1275 409 plnres·
1303 369 1530 411 occurrunt3

53 435 140 462 nam
180 422 251 460 etsi
289 422 512 460 Muetzellio
551 423 810 473 disputanti¹)
858 426 1036 470 „multis
1076 433 1200 466 :intem
1245 430 1528 469 diversissimae

52 489 192 528 aetatis
223 489 487 538 grammaticis
529 502 648 539 quum
687 490 780 528 illud
819 505 957 530 nomen
996 496 1063 537 (se.
1090 496 1292 541 Zenodoti)
1330 498 1445 536 fuerit
1477 500 1528 535 in·

54 557 175 596 ditum
208 555 317 606 sqq.“
363 569 439 594 non
481 557 597 606 plane
639 559 851 607 assentior,
891 562 1017 597 tamen
1060 575 1134 599 non
1177 575 1301 600 rarum
1344 566 1529 603 Zenodoti

53 636 194 664 nomen
226 624 424 663 exstitisse
455 624 561 673 apud
595 625 768 663 Graecos
800 628 892 664 satis
924 631 1086 666 constat.

166 692 243 731 Sed
276 691 408 742 redeo,
439 692 544 730 unde
573 692 727 731 deflexi.
788 694 861 740 Qui
893 695 1131 734 Zenodotum
1156 698 1460 737 Alexandrinum
1494 705 1529 738 et

54 760 250 799 Mallotam
275 760 593 809 cognominatum
617 759 785 798 eundem
809 773 892 799 esse
914 763 1082 811 probare
1105 765 1350 815 studuerunt,
1371 779 1526 816 operam

54 828 260 873 dederunt,
289 830 332 866 ut
354 828 455 865 hanc
477 828 675 866 nominum
700 827 960 867 diversitatem
984 831 1238 880 explicarent.
1286 835 1331 871 Et
1354 835 1529 882 lleynii‘2i

53 896 210 947 quidem
234 897 429 934 sententia
459 895 663 934 reicienda
694 896 783 933 mihi
807 897 974 945 videtur,
1005 900 1069 947 qui
1102 899 1261 938 adnotat
1292 914 1360 950 pro
1388 903 1522 945 „Zeno

53 965 146 1004 doto
184 963 371 1003 Mallota“
411 963 579 1002 fortasse
620 964 842 1009 „Cratetem
881 966 1102 1004 Mallotam“
1145 968 1390 1006 scribendum
1428 981 1529 1018 esse,

53 1045 141 1071 nam
179 1044 353 1071 errorem
390 1031 506 1070 talem
544 1032 665 1070 semel
703 1031 914 1071 admissum
952 1045 1036 1071 esse
1077 1035 1236 1073 concedi
1274 1040 1411 1085 potest.
1454 1050 1528 1074 non

53 1112 183 1151 saepe.
245 1100 387 1149 Neque
409 1100 537 1138 minus
568 1099 671 1137 omni
695 1099 966 1149 probabilitate
998 1105 1104 1140 caret
1135 1103 1272 1140 Daubii
1296 1105 1530 1153 coniectura,

54 1169 120 1218 qui
150 1170 219 1206 aut
250 1180 337 1206 cum
368 1167 526 1216 Heynio
559 1167 728 1206 Cratetis
759 1180 898 1206 nomen
930 1180 1001 1217 pro
1033 1169 1217 1208 Zenodoti
1249 1170 1528 1208 restituendum

25 1238 122 1274 ‘aut
153 1234 322 1274 Cratetis
355 1246 574 1284 cognomen
613 1233 712 1272 falso
744 1233 944 1273 Zenodoto
977 1234 1156 1274 Crateteo
1191 1237 1414 1275 attributum
1447 1250 1529 1275 esse

54 1303 220 1342 censuit.
269 1301 449 1352 Wolfius,
481 1302 592 1340 cuius
620 1303 995 1351 argumentationem
1023 1315 1113 1352 pars
1135 1305 1304 1342 virorum
1328 1304 1528 1343 doctorum

53 1374 145 1410 sunt
188 1371 374 1420 amplexi,
422 1371 621 1408 nominum
668 1369 934 1408 diversitatem
978 1371 1228 1409 Alexandrini
1269 1377 1307 1409 et
1349 1373 1528 1410 Mallotae

53 1461 109 1466 —
146 1442 280 1478 cetera
321 1439 422 1477 enim
467 1450 573 1476 nunc
617 1438 726 1476 mitto
764 1458 818 1462 -—
859 1439 1055 1487 explicare
1096 1443 1258 1477 conatus
1299 1444 1355 1477 est
1396 1440 1527 1478 dicens

55 1521 139 1548 eam
170 1508 224 1546 ita
255 1510 385 1546 natam
417 1518 515 1556 esse,
554 1509 596 1544 ut
632 1506 704 1552 „ab
736 1506 821 1544 aliis
851 1519 873 1544 a
903 1507 1031 1556 patria
1061 1507 1252 1552 Mallotes,
1291 1508 1337 1545 ab
1370 1509 1452 1546 aliis
1483 1522 1529 1547 ex

55 1588 163 1615 more
189 1575 331 1614 aetatis
352 1573 455 1612 illius
484 1572 778 1612 Alexandrinus
798 1585 821 1611 a
843 1573 1035 1612 domicilio
1059 1574 1106 1612 sit
1127 1574 1293 1612 dietus“.
1352 1575 1530 1612 Attamen

55 1643 127 1682 etsi
159 1643 207 1681 ab
239 1642 348 1691 urbe,
379 1641 493 1679 cuius
516 1641 614 1679 civis
645 1640 788 1690 aliquis
819 1639 947 1678 factus
970 1643 1038 1690 est,
1070 1653 1283 1689 cognomen
1316 1642 1348 1679 ei
1370 1641 1530 1678 inditum

56 1722 140 1749 esse
170 1710 263 1749 satis
295 1706 504 1755 constat3)‚
535 1709 575 1747 in
597 1708 679 1746 vita
709 1707 897 1746 Zenodoti
928 1708 1181 1746 Alexandrini
1213 1708 1312 1746 hanc
1343 1709 1531 1746 rationem

55 1777 301 1817 intercedere
323 1788 441 1827 posse
462 1789 576 1826 nego.
636 1776 735 1814 Nam
759 1788 845 1814 cum
868 1775 1090 1815 Zenodotus
1113 1776 1313 1825 Ephesius,
1345 1777 1409 1824 qui
1433 1776 1533 1813 inter

57 1846 232 1886 eiusdem
260 1846 428 1885 nominis
459 1844 749 1895 grammaticos,
780 1848 968 1893 quantum
991 1844 1141 1891 scimus
1172 1844 1464 1893 antiquissimus
1495 1847 1532 1881 et

55 1915 391 1965 praeclarissimus
428 1913 513 1962 fuit,
549 1925 569 1952 e
607 1913 736 1962 patria
773 1924 988 1962 cognomen
1027 1911 1195 1960 duxerit,
1232 1910 1437 1949 verisimile
1474 1913 1531 1947 est

57 1986 210 2022 ceteros
241 1982 378 2021 eodem
411 1981 526 2020 modo
558 1981 677 2019 fuisse
709 1983 874 2030 notatos,
906 1983 948 2018 ut
978 1979 1217 2029 probabilius
1249 1990 1331 2016 esse
1353 1978 1531 2016 videatur

56 2051 299 2102 Hesychium
332 2050 395 2089 vel
423 2061 510 2088 eum
544 2061 660 2099 quem
688 2048 898 2097 exscripsit
926 2046 1069 2095 sedem,
1100 2046 1202 2084 unde
1225 2045 1446 2083 Zenodotus
1467 2045 1531 2082 illc

57 2120 181 2159 altero
203 2120 291 2158 loco
324 2121 648 2157 commemoratus
672 2119 754 2155 erat
783 2115 983 2159 oriundus,
1015 2126 1129 2163 quam
1153 2114 1358 2162 civitatem,
1387 2113 1424 2149 in
1456 2124 1533 2161 qua

57 2187 294 2227 domicilium
328 2187 547 2236 collocavit,
584 2185 840 2236 perhibuisse.
900 2183 1025 2230 Quam
1053 2182 1281 2220 sententiam
1315 2181 1427 2218 etiam
1461 2179 1533 2216 alia

57 2268 99 2295 re
140 2255 406 2295 commendari
448 2266 601 2293 censeo.
670 2251 892 2291 Zenodotus
934 2251 1034 2288 enim
1076 2249 1286 2298 Ephesius,
1327 2250 1530 2297 postquam

0 2324 4 2327 ¹
56 2323 345 2364 Alexandriam
392 2322 674 2372 commigravit,
719 2322 825 2359 certe
867 2317 1160 2357 Alexandrinus
1207 2321 1264 2354 est
1309 2315 1447 2363 factus,
1492 2319 1532 2352 ut

59 2393 224 2432 alterum
256 2390 501 2430 Zenodotum
524 2389 829 2440 grammaticum,
862 2387 928 2435 qui
958 2385 1061 2424 Malli
1092 2388 1175 2422 erat
1207 2388 1330 2432 natus,
1361 2395 1383 2419 a
1415 2382 1531 2420 domi-

59 2461 151 2500 cilio
182 2459 438 2509 Alexandria,
475 2471 553 2508 quo
592 2460 757 2506 uterque
795 2458 853 2493 est
889 2465 993 2498 usus,
1031 2463 1245 2501 cognomen
1283 2451 1436 2488 duxisse
1467 2449 1531 2487 vix

58 2528 303 2568 crediderim.
372 2527 484 2575 Quae
521 2538 606 2565 cum
645 2526 698 2563 ita
735 2523 832 2571 sint,
867 2520 1125 2569 Zenodotum,
1161 2531 1275 2569 quem
1312 2517 1531 2566 Hesychius

171 2636 199 2681 1)
232 2636 288 2670 De
314 2634 529 2670 emendand.
555 2633 676 2675 theog.
702 2630 848 2666 Hesiod.
874 2640 908 2673 p.
928 2631 1001 2662 251.

171 2694 200 2735 2)
231 2692 314 2726 Var.
341 2692 439 2726 lectt.
464 2694 502 2726 et
526 2690 727 2725 observatt.
751 2687 787 2721 in
813 2685 961 2719 Iliadem
987 2683 1039 2717 VI
1064 2694 1099 2727 p.
1119 2686 1193 2717 495.

171 2750 200 2791 ³)
229 2747 286 2784 Cf.
312 2747 414 2784 Suid.
438 2757 465 2782 S.
483 2758 516 2782 V.
539 2741 817 2791 Ἀριστοφάνης
836 2737 976 2782 Ῥόδιος
996 2736 1017 2784 ἢ
1036 2738 1191 2779 Λίνδιος,
1217 2734 1322 2771 θέσει
1346 2732 1535 2780 Ἀθηναῖος

59 2807 139 2842 κτλ.
184 2800 436 2851 Άρίσταρχοςι
466 2799 575 2838 θέσει
605 2795 867 2845 Ἀλεξαιψδρειῗς,
895 2800 936 2841 τῇ
962 2795 999 2831 δὲ
1026 2792 1135 2840 spuo&
1166 2790 1390 2842 Σαμοθρᾴξ.
