1815 3231
620 283 661 326 3.
705 277 727 323 ‹‘›
737 300 760 337 (ι
769 300 796 338 μ
809 282 887 325 (im.

126 380 211 418 1100
235 380 397 417 verbum
431 382 490 416 est
513 379 844 417 denominativum
878 394 899 416 :i
921 382 1165 418 snbstanlivn
1188 373 1297 432 ὁρμή
1321 385 1489 421 «lurtum.

8 436 151 498 Ὁρμή,
195 450 385 496 quantum
426 447 632 496 perspicio,
674 447 778 496 apud
823 449 1029 485 Homerum
1074 450 1264 496 significat
1307 452 1487 499 ἱιιιμυῐιιιιι

14 528 251 565 cursumque
284 518 402 564 atque
435 514 484 553 ad
509 516 677 552 animum
711 517 941 553 translatum
978 518 1169 554 notionem
1204 518 1318 555 studii
1354 521 1486 556 volun-

12 584 182 632 tatisque
219 584 256 621 in
289 596 330 621 se
362 583 535 632 suscipit.
598 584 655 620 De
689 584 771 621 eius
804 585 1041 633 etymologia
1078 586 1123 621 rs.
1157 588 1260 623 (mi-t.
1293 587 1366 623 1014·
1395 590 1489 625 2:17:

14 648 202 690 Vaniffiek.
232 652 280 701 11,
305 653 429 699 10203
460 650 585 688 Fiek.3
608 653 636 701 1,
658 654 749 689 227.

126 731 250 769 Nobis
285 730 580 779 quaerentibus,
624 734 711 768 utra
746 731 977 778 signifieatio
1020 733 1067 768 sit
1106 734 1313 781 antiquior,
1357 734 1491 769 mmsi-

13 799 93 837 tiva
129 812 177 837 an
210 799 469 847 intransitiva,
506 797 787 843 Psordtenus1)
824 800 1067 836 transitivum
1107 800 1251 838 indicat
1283 801 1489 841 nutiomem,

15 867 58 905 L.
94 865 319 915 Meyerus2)
365 879 461 904 vero
513 867 812 904 intransitivam.
886 868 1014 916 Atque
1066 869 1212 916 Meyer-i
1263 869 1490 905 sententiam

15 937 161 973 rectam
194 946 280 972 esse
321 946 474 973 censeo.
534 935 689 972 Etenim
729 946 801 982 per
837 946 878 972 se
917 936 1039 983 ipsum
1083 938 1387 972 consentaneum
1425 940 1495 983 ost,

15 1003 208 1053 siquidem
253 1004 419 1042 nominis
460 992 571 1053 ὁρμή
614 1004 722 1040 notio
764 1006 822 1040 est
867 1004 1070 1051 „impetum
1110 1004 1290 1051 incursio,
1330 1006 1488 1040 cursus*

18 1073 83 1110 vel
124 1072 246 1110 simile
284 1072 390 1121 quid,
432 1072 595 1109 verbum
637 1085 657 1108 a
698 1072 854 1109 nomine
897 1071 1114 1109 derivatum
1153 1072 1251 1108 idem
1294 1073 1329 1109 in
1372 1072 1494 1108 forma

16 1141 181 1178 aetionis
219 1140 391 1178 verbalis
436 1139 658 1188 significare
706 1152 751 1177 ae
792 1152 945 1188 nomen,
991 1152 1129 1188 nempe
1180 1140 1347 1188 „impetn
1394 1140 1494 1175 seri-i.

17 1220 144 1254 ruere,
175 1207 365 1246 irrueret
425 1208 485 1245 Ex
518 1207 603 1256 ipsa
636 1208 754 1256 igitur
786 1208 953 1245 nominis
976 1212 1114 1245 natura
1145 1221 1189 1245 ae
1211 1207 1494 1255 significatione

16 1275 185 1314 efficitur
207 1276 429 1314 necessario
461 1275 709 1314 intransitiva
730 1276 790 1313 vis
822 1288 867 1313 ae
897 1279 1068 1325 potestas
1092 1275 1209 1313 verbi.
1270 1276 1495 1313 Transitiva

17 1347 153 1382 eontra
184 1345 290 1383 notio
322 1343 523 1382 excitandi
556 1356 603 1381 ex
628 1345 713 1393 ipsa
735 1344 903 1381 nominis
928 1347 1066 1381 natura
1100 1356 1174 1380 non
1207 1344 1335 1380 statim
1369 1346 1494 1391 potest

18 1412 134 1450 effici.
194 1413 317 1451 Immo
349 1413 463 1450 nobis
494 1413 611 1450 licere
634 1412 790 1449 videtur
823 1411 1063 1449 transitivum
1098 1412 1289 1448 notionem
1324 1410 1494 1447 indicam¹

18 1481 269 1518 eausativam.
330 1481 380 1518 At
417 1481 620 1518 causativa
650 1480 758 1518 notio
801 1492 878 1517 non
920 1480 1045 1528 potuit
1085 1479 1121 1516 in
1156 1479 1279 1515 activo
1324 1479 1374 1514 ita
1406 1491 1496 1514 con-

17 1548 155 1587 sistere
198 1551 241 1586 ut
276 1548 314 1586 in
348 1549 480 1586 multis
510 1549 594 1586 aliis
626 1548 768 1597 verbis,
806 1560 971 1597 quorum
1004 1560 1052 1584 ex
1084 1547 1210 1583 activo
1243 1546 1493 1595 principalem

17 1617 214 1655 notionem
258 1617 546 1655 intransitivam
592 1620 660 1654 aut
702 1616 878 1654 funditus
923 1616 1035 1654 eiecit
1080 1618 1146 1652 aut
1191 1615 1242 1652 ita
1288 1614 1410 1660 eiecit,
1456 1617 1497 1650 nt

18 1685 198 1734 exempla
228 1697 357 1734 pauca
388 1685 579 1735 pristinae
611 1685 782 1723 notionis
814 1685 1142 1732 relinquerentur.

131 1753 258 1791 Etiam
297 1755 387 1803 post
417 1754 632 1791 Homerum
671 1753 894 1790 eausativae
933 1751 1092 1799 notioni,
1134 1750 1202 1787 etsi
1239 1750 1394 1798 saepius
1431 1747 1494 1785 ad-

18 1820 187 1871 hibetur,
232 1834 311 1860 non
358 1821 533 1871 contigit,
580 1824 622 1859 ut
667 1820 953 1859 intransitivam
994 1820 1065 1856 vim
1114 1831 1160 1855 ex
1206 1818 1317 1855 activi
1366 1817 1496 1853 formis

18 1889 135 1939 plane
172 1890 411 1929 exturbaret
471 1891 626 1928 Etenim
668 1889 914 1927 intransitiva
951 1888 1008 1924 vis
1050 1888 1247 1924 etiamtum
1291 1887 1328 1922 in
1370 1885 1495 1921 activo

20 1958 185 1995 maxime
216 1960 366 2007 regnat.
427 1958 609 1997 Ceterum
641 1957 844 1996 transitiva
867 1956 972 1993 notio
994 1955 1111 1992 aetivi
1142 1954 1199 1990 bis
1231 1951 1496 1990 tantummodo

19 2025 58 2064 in
89 2037 208 2075 prosa
239 2027 417 2065 oratione
448 2026 582 2065 Attica
613 2025 719 2075 apud
751 2023 1049 2073 Xenophontem
1083 2022 1234 2070 legitur.

131 2117 167 2151 I·
214 2117 465 2156 Intransitive
503 2118 673 2154 activum
711 2118 851 2164 quater
887 2115 925 2152 in
957 2113 1079 2151 Iliade
1116 2113 1328 2149 invenitur:
1359 2107 1390 2146 ‚1
1419 2112 1496 2148 :335

22 2196 109 2222 eum
141 2185 342 2234 genetiv03
374 2183 507 2233 N643
543 2183 581 2221 Φ
603 2186 700 2233 265;
735 2182 875 2221 X194
913 2194 998 2219 eum
1032 2180 1220 2218 infinitivo
1252 2179 1367 2216 finali.
1428 2178 1497 2214 Ea-

23 2251 110 2290 dem
141 2253 388 2291 intransitiva
416 2253 453 2291 vi
484 2256 607 2291 totum
640 2252 806 2289 medium
838 2251 970 2288 utitur.

132 2332 191 2367 II·
238 2332 333 2371 Cum
356 2333 561 2371 transitivo
584 2332 806 2370 accusativo
828 2342 1021 2379 personae
1053 2329 1219 2366 activum
1249 2326 1499 2374 coniungitur

23 2398 172 2446 2337,
205 2412 293 2438 eum
324 2400 550 2439 accusativo
582 2400 639 2438 rei
671 2406 695 2435 σ
718 2396 844 2443 3769)

137 2532 164 2576 ¹)
190 2542 261 2566 von
280 2532 344 2566 der
362 2531 551 2575 Pfordten‚
576 2530 646 2565 Zur
671 2528 892 2564 Gesehiehte
918 2528 983 2562 der
1007 2525 1258 2571 griechischen
1288 2524 1500 2558 Denomina·

22 2587 109 2632 tiva,
133 2588 406 2632 LeipzingSG,
432 2599 467 2632 p.
488 2591 539 2623 11.

135 2646 164 2685 ²)
191 2644 274 2688 Vgl.
291 2645 368 2679 (Ξῖ-,2
389 2645 416 2689 Ι,
434 2648 487 2680 89.

137 2703 166 2742 3)
197 2700 345 2735 Tertius
362 2701 466 2735 loeus
492 2703 519 2735 θ
538 2704 601 2735 499
628 2695 646 2733 ὁ
675 2695 705 2733 ‹5‘
723 2693 907 2743 ὁρμηθεὶς
928 2699 1022 2731 θεοῦ
1048 2692 1195 2740 ἤρχετο,
1221 2695 1282 2729 ubi
1309 2692 1499 2727 transitiva

24 2757 134 2792 activi
161 2758 386 2792 constructio
419 2758 454 2792 in
480 2757 666 2801 passivam
700 2764 878 2790 conversa
902 2764 983 2788 esse
1017 2753 1162 2793 dicitnr,
1195 2762 1215 2785 a
1240 2748 1501 2792 lexicographis

24 2813 359 2858 interpretibusque
396 2814 612 2848 transitivae
649 2812 755 2846 huius
793 2810 894 2845 verbi
931 2809 1069 2843 notioni
1110 2809 1374 2841 adnumeratur.
1436 2804 1499 2837 Hic
