1830 3201
304 170 384 207 364

303 280 341 316 in
375 291 533 316 censum
566 279 673 316 venit
705 279 824 316 schol.
855 280 868 316 1
908 271 931 315 ὁ
960 275 1114 316 Κλέων
1146 270 1420 331 ἀποθνήσκει
1452 277 1523 318 ἐπὶ
1555 273 1775 331 Ape-wion

300 339 387 395 πρὸ
426 339 590 382 το1’του
627 342 675 382 ὁέ
709 340 828 382 ἐστιν
863 338 1067 396 Ἰσαρχος,
1111 338 1176 394 ἐφ
1199 358 1251 384 ου
1294 359 1334 384 αι
1378 346 1551 398 πρῶται
1587 348 1647 385 Ν
1631 347 1779 397 εφέλαι
1829 367 1830 377 2

302 402 641 464 1ίςηχθ1)σα1).ὁ
663 410 811 463 aevvm
839 403 905 451 ³4²·
910 409 1140 463 δροτίων
1124 411 1195 451 ,επὶ
1217 406 1416 453 Αλκαίου
1439 412 1543 466 ᾳησὶ
1570 414 1652 453 τοῦ
1672 410 1781 466 μὲτὰ

300 470 389 530 3111(
377 478 511 518 ι1ία1
541 492 620 517 τον
652 477 836 518 [sagma
866 479 1120 534 τελευτησαι
1152 478 1276 520 ὁυσὶυ
1314 477 1453 520 ἔτεσιν
1481 473 1669 534 ὕστερον
1703 481 1780 535 τῆς

300 547 391 585 τῶν
420 546 635 596 Νεφελῶν
674 544 971 595 διδασκαλίας·
1010 540 1192 594 εἰκότως
1227 549 1322 587 κτλ.
1385 552 1415 588 Ε
1446 551 1571 588 Τ11116.
1596 552 1657 600 VI,
1686 554 1721 601 2,
1743 555 1778 597 6,

303 619 354 655 10
391 618 496 664 patet
534 616 710 654 evenisse
751 616 907 654 Cleonis
945 620 1106 655 mo1tem
1144 620 1212 655 aut
1243 618 1314 655 sub
1347 618 1421 656 fine
1453 618 1645 667 praetoris
1675 619 1778 656 Ami-

300 685 387 722 niae
420 686 486 721 aut
517 684 554 721 in
587 683 694 721 initio
726 684 871 733 Alcaei,
903 697 1017 733 quem
1050 685 1102 722 illi
1126 685 1363 723 successisse
1392 698 1425 723 a.
1447 686 1483 723 d.
1506 687 1558 723 IX
1578 686 1665 724 Kal.
1686 686 1778 724 Sex-

301 752 389 789 tiles
411 754 491 790 422
524 752 721 801 Ungerus,
751 753 772 789 l.
794 765 827 789 a.
857 765 894 801 p.
916 755 1007 800 587,
1040 753 1231 802 exposuit.
1291 755 1333 791 In
1357 754 1476 791 schol.
1497 755 1588 792 Pac.
1609 756 1662 793 48
1685 755 1777 792 Era-

299 819 490 857 tosthenis
512 821 675 858 affeltur
697 821 905 858 sententia:
936 810 1248 872 Ἐρατοσθένης
1278 814 1360 871 γὰρ
1391 816 1462 858 ἐπὶ
1495 813 1668 874 Θρᾴκης
1697 812 1778 860 τὸν

299 880 498 923 θάνατον
539 883 760 937 Βρασίδου
801 883 873 924 καὶ
916 884 1120 933 Κλέωνος
1161 877 1280 925 ὀκτω
1319 884 1421 939 μησὶ
1459 885 1777 939 προγεγοιέναι

298 951 402 1004 φησί
433 966 485 992 36.
516 958 606 993 ante
637 956 777 992 Pacem
810 955 973 1002 doctam,
1005 968 1106 1004 quae
1139 968 1226 994 cum
1255 968 1386 993 mense
1411 957 1552 995 Martio
1584 957 1774 996 1111111421

297 1021 413 1059 docta
444 1021 503 1071 sit,
541 1021 624 1059 fere
661 1021 795 1060 Sextili
832 1023 1031 1060 1111111422
1072 1023 1093 1060 i.
1122 1035 1152 1060 6.
1191 1023 1381 1060 archonte
1414 1023 1557 1061 Alcaeo
1595 1023 1776 1061 Cleonem

299 1093 491 1126 mortuum
525 1101 609 1126 esse
642 1088 818 1127 credidit.
878 1089 953 1128 Sed
986 1091 1143 1138 praeter
1176 1090 1444 1128 Eratosthenis
1474 1086 1575 1140 περὶ
1605 1088 1680 1142 τῆς
1709 1080 1778 1141 ἆρ-

294 1151 418 1205 χαίας
452 1151 685 1206 κωμῳδίας
714 1177 768 1181 —
800 1169 886 1194 nam
927 1156 1016 1194 inde
1056 1158 1139 1194 sine
1183 1157 1298 1195 dubio
1342 1169 1403 1194 res
1444 1157 1582 1195 hausta
1620 1160 1689 1203 est,
1731 1157 1778 1195 cf.

298 1224 388 1272 hyp.
410 1225 500 1261 Pac.
522 1224 577 1261 IlI
609 1244 661 1248 —
693 1228 731 1261 et
761 1224 1043 1262 Androtionem
1077 1224 1191 1262 alium
1226 1236 1311 1262 esse
1350 1225 1571 1262 consultum
1611 1225 1778 1263 atthido-

297 1292 488 1341 graphum
531 1292 595 1329 vel
635 1291 727 1329 inde
768 1295 875 1340 patet
922 1291 1027 1340 quod
1070 1293 1170 1329 alius
1210 1291 1408 1330 archontis
1450 1305 1588 1330 nomen
1639 1296 1778 1331 exstat.

296 1358 480 1396 Eiusdem
507 1359 760 1396 Androtionis
788 1358 982 1397 sententia
1014 1363 1170 1396 exstare
1197 1359 1350 1396 videtur
1384 1360 1421 1397 in
1450 1359 1567 1397 schol.
1593 1361 1775 1398 Aeschin.

295 1428 344 1474 ΙΙ,
372 1430 420 1466 31
455 1426 507 1476 (p.
531 1429 611 1465 289
633 1426 834 1473 Schultz),
868 1427 931 1464 ubi
965 1426 1013 1463 de
1036 1426 1322 1464 calamitatibus
1344 1426 1381 1464 in
1404 1427 1575 1464 Thracia
1606 1428 1777 1476 acceptis

296 1494 351 1532 sic
382 1495 540 1543 legitur:
572 1490 786 1544 τέταρτον
807 1487 847 1531 οἱ
875 1487 982 1543 μετὰ
1004 1489 1207 1539 Κλέωνος
1237 1489 1308 1530 ἐπὶ
1330 1484 1541 1543 ἄρχοντος
1565 1484 1776 1539 Ἀλκαίου,

296 1565 431 1599 contra
464 1574 577 1610 quem
610 1562 646 1598 in
671 1561 816 1598 scholio
838 1565 971 1599 nostro
1003 1561 1112 1598 cuius
1133 1561 1350 1598 auctoritas
1373 1561 1546 1599 adhibita
1568 1563 1628 1612 sit,
1659 1574 1776 1611 quae-

301 1631 430 1666 rentes
462 1628 676 1666 secundum
709 1628 1088 1677 argumentationem
1122 1641 1243 1666 meam
1276 1629 1403 1666 statim
1438 1629 1473 1666 in
1498 1629 1774 1667 Philochorum

296 1695 523 1744 incidemus,
555 1708 668 1744 quem
702 1697 870 1744 priorem
903 1697 1074 1744 inspexit
1105 1697 1394 1744 grammaticus:
1429 1684 1451 1732 ὁ
1481 1692 1639 1733 Κλέων
1672 1687 1776 1734 ἄπο-

295 1754 479 1814 θνῆσκει
513 1758 584 1800 ἐπὶ
617 1752 841 1813 Ἀμεινίου,
881 1776 958 1812 qua
998 1776 1083 1801 cum
1116 1776 1158 1801 1-6
1197 1764 1380 1801 convenit
1410 1763 1530 1801 schol.
1548 1765 1660 1812 Vesp.
1684 1767 1776 1810 210,

296 1831 342 1868 de
375 1844 452 1880 quo
484 1832 555 1868 iam
589 1831 678 1868 dixi.
739 1830 815 1869 Sed
847 1832 1068 1869 accuratius
1099 1832 1290 1879 probatur
1322 1851 1371 1855 —
1406 1834 1442 1869 et
1473 1831 1544 1868 hoc
1575 1831 1624 1868 ad
1656 1835 1774 1869 totam

297 1899 561 1936 narrationem
602 1899 757 1936 maximi
790 1903 850 1937 est
880 1900 1061 1937 momenti
1094 1919 1149 1925 —
1181 1911 1240 1936 me
1272 1911 1405 1936 verum
1439 1899 1620 1936 statuisse
1656 1899 1776 1937 schol.

296 1966 342 2003 ad
367 1966 460 2004 Luc.
484 1968 497 2003 1
530 1979 565 2015 p.
591 1969 640 2004 15
673 1966 749 2012 (ed.
768 1967 965 2004 Iacobitzii
988 1966 1040 2004 lV
1062 1979 1097 2015 p.
1119 1964 1204 2012 48):
1236 1960 1468 2014 ἐξέπλευσε
1491 1961 1536 2002 δὲ
1557 1961 1630 2002 καὶ
1652 1973 1775 2016 στρα-

294 2027 424 2084 τηγὸς
455 2025 521 2070 ἐπ’
546 2023 818 2082 Άμφίπολιυ,
851 2027 961 2070 ἔνθα
993 2029 1062 2070 καὶ
1095 2026 1295 2070 ἐτελεύτα
1324 2029 1521 2083 νικηθεὶς
1551 2022 1641 2070 11πό
1663 2032 1775 2083 Βρα-

295 2097 420 2138 σίδου
459 2095 530 2138 ἐπὶ
569 2093 781 2151 ἄρχοντος
813 2090 1038 2150 Ἀμεινίου.
1105 2101 1184 2138 Iam
1224 2099 1402 2138 videmus
1440 2102 1477 2137 in
1515 2101 1589 2138 hoc
1625 2101 1773 2139 scholio

296 2169 494 2206 anianeo
532 2169 569 2206 in
607 2180 718 2206 usum
750 2171 931 2207 vocatum
972 2180 1056 2206 esse
1087 2167 1372 2217 Thucydidem,
1404 2168 1666 2215 Aristotelem,
1696 2168 1774 2206 An-

294 2236 523 2285 drotionem,
553 2236 852 2280 Philochorum3
891 2248 985 2285 ergo
1018 2248 1103 2273 cum
1136 2236 1286 2284 priores
1318 2236 1394 2273 duo
1433 2236 1472 2273 in
1504 2247 1614 2273 usum
1643 2237 1773 2273 vocari

294 2315 370 2340 non
403 2305 567 2352 possint,
600 2304 821 2342 Androtion
844 2307 973 2342 autem
1006 2305 1107 2342 alius
1140 2306 1242 2342 esset
1272 2303 1501 2351 sententiae⁷
1533 2316 1677 2341 novum
1708 2304 1771 2341 ha-

292 2371 428 2408 bemus
458 2371 684 2409 Philochori
717 2371 976 2420 fragmentum
1009 2372 1110 2409 inter
1135 2373 1211 2410 107
1242 2373 1279 2408 et
1304 2373 1383 2410 108
1416 2370 1677 2408 inserendum.

405 2437 473 2483 22)
519 2438 646 2476 Schol.
678 2440 794 2487 Vesp.
828 2441 953 2487 1223,
995 2438 1151 2488 quicum
1192 2437 1509 2488 coniungentium
1552 2440 1611 2475 est
1653 2437 1773 2475 schol.

292 2505 382 2552 Lys.
404 2506 456 2543 58
488 2503 551 2547 (cf.
572 2504 678 2543 Suid.
702 2498 954 2555 Παράλων)ε
987 2518 1088 2554 quae
1118 2517 1353 2554 quamquam
1386 2505 1585 2542 archontis
1617 2504 1771 2542 nomine

294 2574 453 2609 careant
492 2571 743 2610 nihilominus
780 2572 857 2609 huc
888 2573 1083 2621 pertinere
1122 2572 1250 2609 statim
1283 2571 1511 2609 videbimus.
1569 2572 1676 2609 Haec
1707 2583 1770 2608 ex-

291 2638 426 2675 hibent
463 2638 625 2676 scholia:
664 2667 671 2674 .
710 2668 717 2675 .
752 2668 759 2675 .
797 2631 910 2675 κατά
944 2631 1026 2689 γὰρ
1064 2631 1168 2684 τοὺς
1207 2631 1419 2683 Σόλωνος
1460 2631 1623 2688 νόμους
1657 2641 1772 2687 τρεῖς

290 2690 398 2755 ἦσαν
436 2699 478 2740 αἱ
515 2697 669 2752 τάξεις,
709 2701 783 2754 μία
821 2700 900 2755 μὲν
939 2702 1033 2742 τῶν
1063 2701 1304 2755 Παραλίων
1343 2704 1405 2751 (ex
1438 2718 1507 2742 em.
1541 2701 1677 2754 Porti),
1708 2691 1773 2741 ὧν

289 2765 561 2822 προειστήκει
595 2770 838 2824 ᾹΙεγακλῆς,
869 2764 991 2822 ἑτέρα
1026 2767 1069 2809 δὲ
1091 2770 1181 2809 τῶν
1214 2768 1420 2816 Πεδιέων,
1452 2760 1516 2809 ὦν
1546 2765 1770 2823 προειστή-
