1830 3201
291 185 343 222 98

287 306 401 343 quam
435 295 540 333 notio
572 294 782 332 comitandi
815 307 863 333 ex
890 295 1100 341 causativa,
1132 296 1326 345 principio
1357 297 1646 336 attribuendam
1675 310 1759 337 esse

287 362 407 400 verbo
438 362 686 401 verisimilius
717 362 842 401 videri
872 364 1009 412 possit.
1068 364 1250 402 Attamen
1282 377 1345 403 res
1377 377 1453 403 non
1485 365 1599 404 facile
1630 369 1761 416 potest

287 429 504 478 diiudicari,
535 430 626 479 quia
647 430 776 469 verbis
797 432 834 469 in
858 424 967 478 -αζω
990 431 1220 469 cadentibus
1249 444 1324 470 non
1348 435 1406 470 est
1433 437 1563 471 certus
1585 446 1667 472 mos
1694 436 1761 472 aut

285 497 405 534 solam
437 497 722 536 intransitivam
760 502 828 536 aut
863 499 984 537 solam
1018 499 1259 537 transitivam
1298 501 1495 538 notionem
1532 501 1760 551 accipiendi.

284 565 423 614 Itaque
451 578 532 604 rem
560 567 598 604 in
621 567 695 605 hoc
717 567 835 605 verbo
865 570 902 605 et
930 566 1084 605 duobus
1107 568 1192 605 aliis
1215 568 1343 606 verbis
1371 568 1446 606 huc
1474 569 1762 618 pertinentibus

283 625 462 683 πελάζω
494 638 532 672 et
562 624 726 683 ἇνιάζο)
758 636 949 684 integram
983 635 1264 684 relinquamus.

397 710 636 761 significatio
660 714 868 751 comitandi
901 713 1006 763 apud
1029 714 1240 751 Homerum
1270 714 1309 751 in
1343 714 1482 752 malam
1514 718 1664 763 partem
1695 715 1761 754 ad-

283 779 406 817 hibita
437 782 635 819 notionem
659 782 860 819 molestiae
888 782 958 819 sibi
980 781 1202 831 assumpsit,
1233 782 1285 819 ita
1318 785 1358 819 ut
1388 782 1692 831 significationes
1724 786 1761 821 et

283 848 546 896 persequendi
578 851 617 886 et
647 848 851 898 premendi
883 852 1101 887 orerentur.

395 915 457 953 Sic
478 915 993 966 significatio-persequendi
1016 917 1147 955 subest
1171 918 1206 954 (”)
1229 921 1305 957 341
1340 906 1397 962 ὣς
1418 908 1587 967 Ἕκτωρ
1615 907 1761 965 ὤπαζε

282 976 658 1033 καρηκομόωντας
699 974 908 1034 Άχαιούς,
951 985 1182 1033 significatio
1226 985 1428 1034 premendi
1472 984 1520 1022 de
1561 988 1761 1023 senectute

283 1054 471 1100 usurpata
502 1049 534 1089 A
562 1055 640 1091 321
675 1047 710 1088 εἰ
741 1044 840 1089 τότε
873 1050 1037 1101 κοῦρος
1068 1046 1129 1099 ἔα,
1162 1050 1244 1089 νῦν
1275 1039 1380 1089 αὖτέ
1407 1063 1458 1101 με
1488 1050 1623 1102 γῆρας
1655 1042 1760 1089 ὀπά-

281 1118 339 1167 ζει
379 1123 417 1157 et
447 1118 483 1156 Θ
508 1122 585 1159 103
618 1113 669 1168 σὴ
703 1115 747 1156 δὲ
778 1116 848 1170 βίη
879 1116 1068 1165 λέλυται,
1102 1113 1301 1169 χαλεπὸν
1334 1115 1380 1157 δέ
1410 1128 1454 1156 σε
1486 1106 1621 1169 γῆρας
1652 1109 1760 1156 ὄπα-

282 1185 356 1234 ζει.
417 1188 585 1225 Verbum
629 1200 716 1225 cum
754 1187 889 1225 eadem
927 1188 1214 1237 significatione
1259 1188 1377 1226 semel
1421 1188 1579 1237 passive
1617 1187 1761 1236 legitur

280 1252 317 1290 Λ
339 1256 419 1293 493
452 1243 510 1299 ὥς
542 1244 580 1292 (5'
603 1243 739 1292 ὁπότε
772 1248 968 1304 πλήθων
997 1248 1195 1305 ποταμὸς
1225 1250 1430 1292 πεδίονδε
1457 1247 1622 1291 κάτεισι
1650 1249 1654 1304 Ι
1680 1265 1760 1303 χει·

279 1314 473 1371 μάῤῥοι.νς
505 1313 600 1359 κατ’
623 1313 814 1372 ὄρεσφιν,
847 1312 1121 1372 ὀπαζόμενος
1141 1315 1240 1367 Διὸς
1262 1314 1423 1372 ὄμβρῳ,
1455 1322 1519 1360 ubi
1551 1335 1620 1371 pro
1653 1311 1761 1359 ὀπα-

280 1382 458 1439 ζόμενος
489 1390 738 1437 Nauckiusl)
770 1391 888 1428 scribi
922 1391 1005 1428 vult
1036 1381 1270 1439 ἀεξόμενος
1303 1391 1363 1428 vel
1396 1379 1702 1439 ὀφελλόμενος.

391 1469 482 1508 Sine
514 1469 668 1507 obiecto
700 1470 862 1507 verbum
896 1472 1024 1507 exstat
1053 1468 1190 1508 E334
1222 1458 1317 1506 ἀλλ’
1341 1459 1413 1505 ὅτε
1448 1461 1499 1518 δή
1532 1457 1569 1518 ῥ’
1591 1463 1761 1518 ἐκίχανε

278 1529 424 1573 πολὺν
456 1526 559 1573 καθ’
582 1526 736 1586 ὅμιλον
769 1526 949 1585 ὀπάζων
986 1541 1023 1575 et
1050 1536 1089 1574 P
1113 1540 1193 1576 462
1233 1530 1327 1587 ῥεῖα
1358 1525 1395 1573 <5²
1418 1530 1650 1583 ἐπαΐξασκε
1682 1547 1760 1573 πο-

279 1598 360 1641 λὺν
389 1595 492 1641 καθ’
513 1594 670 1654 ὅμιλον
699 1595 891 1654 ὀπάζων,
923 1605 1064 1654 quibus
1086 1605 1181 1642 locis
1214 1605 1334 1642 verbo
1366 1605 1563 1642 notionem
1593 1604 1762 1642 instandi

279 1671 402 1718 („an-,
440 1671 727 1721 vo1·dringen“)
768 1673 939 1711 Seilerus
977 1677 1015 1710 et
1053 1672 1284 1721 Ebelingius
1328 1672 1597 1721 lexicographi
1642 1674 1760 1721 atque

278 1741 473 1778 Ameisius
505 1741 693 1778 tribuunt.
753 1740 829 1780 Sed
861 1741 959 1778 haec
982 1740 1087 1778 notio
1121 1741 1193 1778 iam
1218 1741 1467 1778 intransitiva
1489 1742 1548 1777 est
1579 1739 1761 1777 discedit-

277 1820 352 1857 que
393 1821 416 1846 a
457 1808 664 1858 principali
702 1809 740 1845 vi
782 1807 1060 1858 persequendi.
1130 1807 1325 1856 Equidem
1369 1806 1525 1845 credam
1567 1807 1759 1845 obiectum

276 1878 444 1925 utroque
474 1876 560 1914 loco
593 1877 718 1914 animo
755 1876 970 1914 obversari.
1030 1874 1070 1912 E
1097 1878 1177 1914 334
1215 1876 1409 1913 obiectum
1442 1867 1629 1924 Κύπριν,
1668 1878 1711 1912 ut
1741 1886 1760 1911 e

276 1944 545 1993 superioribus
569 1944 765 1993 discimus,
796 1947 834 1982 et
862 1943 996 1982 12462
1030 1943 1223 1981 obiectum
1257 1940 1403 1993 Τρῶας
1435 1941 1498 1989 (cf.
1522 1941 1761 1980 antecedens

276 2001 389 2049 ὑπὲκ
416 2005 579 2062 Τρώων
601 2001 873 2062 ὀρυγμαὸόῦ)
906 2012 1035 2049 animo
1058 2011 1302 2049 obversatur.
1361 2011 1459 2048 Nam
1492 2010 1529 2047 id
1551 2023 1629 2047 non
1654 2009 1759 2047 dixe-

278 2079 348 2117 rim
382 2077 503 2129 (quod
526 2081 662 2117 statuit
683 2079 875 2128 Faesius),
908 2080 1004 2117 haec
1027 2079 1177 2117 obiecta
1198 2078 1247 2115 ad
1270 2078 1390 2115 verba
1418 2088 1504 2115 esse
1526 2076 1759 2126 supplenda.

273 2147 485 2196 Aptissime
517 2148 637 2197 igitur
675 2147 771 2185 illud
804 2137 1000 2196 ὀπάζων,
1040 2147 1071 2184 si
1102 2146 1355 2196 principalem
1389 2144 1585 2183 notionem
1624 2147 1758 2182 tenere

276 2215 469 2263 volumus,
501 2217 634 2253 nostro
670 2214 987 2263 „nachfolgend“
1020 2213 1265 2252 reddendum
1297 2215 1366 2250 est.

389 2292 604 2331 Causativa
625 2294 684 2331 vis
716 2293 951 2331 creberrime
983 2295 1021 2330 et
1051 2291 1156 2340 apud
1180 2291 1391 2329 Homerum
1425 2293 1463 2328 et
1493 2288 1596 2338 apud
1628 2291 1757 2338 poste-

274 2373 339 2399 ros
361 2363 499 2410 poetas
531 2361 659 2410 obvia,
690 2373 777 2399 cum
810 2362 910 2399 actio
933 2360 1101 2398 verbalis
1132 2360 1180 2397 ad
1203 2371 1266 2397 res
1289 2357 1579 2402 transferretur,
1612 2369 1658 2394 ex
1682 2357 1761 2394 sin-

273 2427 401 2476 gulari
440 2429 602 2466 notione
645 2429 847 2474 „comitem
880 2427 943 2476 do,
980 2427 1090 2476 sequi
1122 2426 1249 2471 iubeo,
1289 2425 1337 2462 do
1369 2425 1434 2473 qui
1466 2422 1677 2473 sequatur“
1721 2424 1758 2460 in

277 2495 501 2544 generalem
533 2507 691 2533 sensum
724 2495 842 2532 dandi
876 2495 1077 2533 abscessit.

389 2638 414 2677 ¹)
447 2635 608 2669 Bulletin
633 2635 678 2669 de
704 2634 933 2669 l'Academie
959 2635 1003 2668 de
1029 2634 1080 2668 St.
1101 2632 1357 2674 Petersbourg‚
1383 2635 1480 2665 tome
1499 2630 1562 2673 VI,
1583 2634 1611 2673 1,
1630 2633 1668 2664 27
1695 2630 1759 2677 (cf⁴

265 2692 391 2726 Philol.
417 2690 535 2735 XXII,
561 2693 652 2733 371).
702 2688 757 2725 Cf.
783 2690 890 2724 etiam
916 2690 1134 2735 Kayserum,
1167 2688 1295 2723 Philol.
1331 2687 1450 2730 XXII,
1483 2690 1559 2721 514.
1618 2686 1658 2720 In
1684 2685 1759 2720 edi-

263 2748 361 2781 tione
395 2747 584 2781 Homerica
620 2746 807 2781 Nauckius
843 2757 907 2789 pro
942 2741 1182 2788 ὀπαζόμενος
1220 2743 1393 2778 dubitans
1432 2743 1604 2786 proponit
1640 2737 1746 2782 ἀεξό-

266 2814 389 2846 μενος.
