1815 3231
1450 172 1527 204 ψη,

50 282 214 327 restitui,
253 281 290 319 id
329 280 433 330 quod
473 280 604 329 aliqua
642 293 686 317 ox
725 283 836 329 parto
874 281 965 318 fecit
1003 282 1331 319 lIcmsterlmsius.
1395 282 1531 319 Exstat

50 351 150 388 enim
183 349 371 387 scholium
405 348 496 385 huic
524 348 758 385 simillimum
793 349 862 385 Av.
886 352 959 386 521
995 349 1107 387 1.:-;2:
1140 342 1208 399 ἔζη
1241 345 1283 384 δὶ-
1319 349 1530 397 (Lampon)

50 412 121 454 ἑπὶ
149 415 225 468 τῆς
246 413 337 453 τῶν
359 407 572 465 Oppianu-
595 411 887 461 διδασκαλίας,
919 407 1009 465 οὔχ,
1043 406 1100 453 (ἷὶ.-
1122 428 1248 461 urae,
1280 408 1505 467 ἐτεθνήκει
1524 425 1530 432 ·

49 483 208 535 πολλῷ
240 475 321 535 γὰρ
357 474 538 531 ὕστερον
570 482 786 533 Κρατῖνος
823 479 869 520 ἐν
901 482 951 532 τῇ
983 481 1160 534 Νε-,ιιέσει
1198 477 1341 521 οἶδεν
1374 476 1533 521 (curor

52 551 210 602 ζῶντα,
243 552 347 591 unde
379 555 487 601 patet
518 555 555 589 et
586 552 621 589 in
656 552 777 589 schol.
798 552 901 590 l'lut.
934 552 1184 590 inserendum
1208 565 1291 591 essc
1323 542 1462 589 αὐτόν
1495 557 1533 590 ct

52 622 89 658 in
112 610 258 658 Ἰλιάδι
289 620 410 658 latere
444 619 598 657 fabulae
621 619 818 657 cuiusdam
849 632 1003 668 nomon,
1034 620 1138 669 quod
1172 620 1367 669 quomodo
1399 621 1447 657 sit
1475 633 1531 657 rc-

51 688 291 726 stituendum
326 690 434 726 certo
467 687 540 724 dici
574 687 720 736 nequit.
781 687 895 733 Quod
919 690 1046 725 autem
1070 688 1159 725 inde
1181 700 1202 724 a
1226 688 1353 725 verbis
1374 679 1400 737 ἢ
1423 681 1535 724 κατὰ

52 751 243 806 Λίδυμου
276 768 420 794 novum
454 755 627 804 incipere
660 755 848 792 scholium
881 756 1037 804 putavit
1068 756 1401 805 llemsterhusius,
1431 769 1534 793 erra-

52 825 106 863 vit
136 824 252 862 homo
285 823 438 867 doctus3
471 835 558 861 nam
581 822 677 860 illud
702 813 728 872 ἢ
751 813 862 859 κατὰ
884 818 1087 872 Αίδυμου,
1121 826 1395 872 praeterquam
1429 823 1533 872 qnod

53 892 88 930 id
122 905 198 930 non
231 891 476 941 respondere
514 890 700 940 loquendi
735 891 821 928 usui
860 893 1085 929 constanter
1123 892 1159 928 iu
1193 891 1350 929 scholiis
1382 895 1535 929 servato

53 963 158 998 recte
198 960 378 1009 exposuit
415 958 681 998 Schneiderus
720 959 744 995 l.
772 971 804 995 a.
837 972 925 1008 pag.
958 961 1006 997 15
1049 959 1197 996 frustra
1240 962 1407 1007 negante
1447 960 1536 996 Din-

54 1027 193 1074 dorfio,
240 1032 324 1066 arte
366 1026 682 1076 coniungendum
723 1030 781 1065 est
823 1039 908 1064 cum
953 1023 1224 1077 σαφέστερον
1263 1019 1394 1072 οῗὸεν,
1444 1028 1537 1076 quia

54 1099 177 1134 totum
211 1096 403 1133 scholium
440 1095 493 1133 111
526 1094 695 1144 Didymo
725 1094 859 1132 deberi
897 1097 1013 1132 antea
1044 1095 1220 1132 vidimus.
1286 1096 1360 1142 Qui
1399 1107 1537 1133 revera

53 1164 167 1202 valde
207 1164 245 1201 in
287 1164 437 1202 incerto
477 1163 657 1212 reliquit,
695 1163 783 1212 quis
824 1163 873 1200 sit
913 1163 977 1200 ille
1020 1163 1243 1212 Dionysius,
1285 1175 1398 1212 quem
1440 1163 1539 1201 alter

54 1232 332 1282 grammaticus
369 1252 422 1256 —
460 1234 502 1269 ut
538 1243 609 1269 nos
646 1231 861 1280 posuimus,
899 1230 1156 1280 Symmachus
1192 1251 1245 1255 —
1281 1231 1362 1268 sive
1400 1234 1539 1279 poetav,

56 1300 209 1338 cuidam
249 1299 330 1338 sive
368 1299 623 1349 grammatico
665 1299 737 1336 alio
776 1299 863 1337 loco
904 1299 1126 1336 accuratius
1165 1298 1360 1347 cognitum
1399 1310 1482 1336 esse
1514 1289 1537 1347 ἢ

55 1359 169 1404 κατὰ
201 1363 396 1417 Δίδυμου
428 1366 467 1414 (ἰ.
492 1379 523 1404 e.
555 1379 671 1415 quam
704 1366 921 1404 secundum
944 1366 1154 1415 Didymum
1189 1364 1405 1415 putaveris)
1438 1366 1542 1403 dicit.

57 1436 208 1483 Quibus
229 1436 397 1485 cognitis
428 1447 514 1473 cum
547 1435 666 1473 schol.
688 1435 742 1472 IV
770 1435 792 1471 l.
814 1437 991 1481 41—44,
1027 1436 1055 1471 V
1085 1435 1107 1472 l.
1129 1436 1307 1483 44-49,
1340 1435 1409 1471 VII
1442 1434 1462 1470 l.
1488 1436 1537 1472 52

55 1507 137 1543 —2
171 1503 299 1542 omnia
331 1516 379 1542 ex
407 1503 542 1542 eodem
572 1503 851 1541 commentario
884 1504 966 1541 sive
999 1502 1146 1540 scholio
1179 1515 1256 1551 quo
1285 1502 1299 1539 I
1332 1504 1423 1539 nata
1454 1502 1541 1550 sint,

56 1612 135 1646 niss
169 1612 290 1646 dieser
324 1611 436 1647 Stelle
473 1611 522 1645 ist
554 1610 857 1645 einleuchtender
892 1611 938 1644 im
972 1609 1202 1643 Verhiiltniss
1240 1620 1283 1642 zu
1317 1608 1542 1651 Didymus··).

57 1668 163 1702 IIune
198 1671 305 1712 putat
335 1677 418 1702 esse
450 1667 716 1701 sententiarum
750 1676 900 1700 nexum:
935 1662 955 1710 ι’)
988 1660 1044 1699 ὅτι
1077 1685 1118 1689 -
1149 1658 1373 1709 δημωφιλής,
1408 1664 1544 1706 quibus

58 1724 210 1759 eandem
228 1724 299 1758 loci
320 1724 605 1768 explicationem
632 1723 811 1757 contineri
838 1733 880 1756 ac
906 1721 1076 1756 scholiol
1105 1725 1202 1756 recte
1228 1721 1329 1762 dicit,
1356 1720 1543 1763 Apollonii

59 1781 241 1816 sententia
266 1784 339 1824 cst3
365 1781 497 1815 deinde
523 1780 683 1824 ineptam
710 1780 809 1814 illam
832 1779 984 1813 fratrum
1010 1777 1321 1813 dissimilitudinis
1339 1776 1543 1820 opinionem

58 1837 218 1881 Didymo
236 1838 373 1881 tribuit,
399 1847 505 1881 quem
524 1836 763 1882 Symmachus
782 1836 861 1880 ipse
879 1836 1083 1879 vituperat:
1110 1832 1171 1868 καὶ
1196 1828 1439 1873 ⁴3l.=·1oi.).u'mog
1465 1834 1544 1866 κτλ,

60 1893 230 1937 Denique
256 1904 337 1927 cum
362 1893 443 1937 ipse
470 1893 686 1936 Ludwigins
713 1892 905 1935 intellegat
930 1891 1042 1925 schol.
1062 1890 1093 1923 11
1120 1894 1154 1924 et
1174 1890 1221 1923 ΙΙΙ
1250 1889 1429 1934 DIdymca
1454 1898 1546 1934 esse,

59 1961 216 1994 cumque
242 1950 315 1985 sibi
339 1951 563 1994 persuaserit
588 1949 861 1993 explanandum
880 1948 995 1982 fuisse
1021 1947 1274 1989 Chalcentero,
1300 1956 1370 1989 qua
1390 1956 1426 1979 rc
1454 1946 1547 1978 inter

61 2018 100 2042 se
126 2007 325 2042 dissimiles
350 2006 489 2041 fuerint
513 2005 656 2049 fratres,
684 2006 912 2046 sententiam,
937 2014 1028 2048 quae
1054 2004 1141 2037 insit
1166 2003 1202 2036 in
1229 2003 1341 2037 schol.
1362 2002 1391 2035 ΙΙ
1421 2006 1457 2036 et
1482 2002 1547 2039 ΙΙΙ,

60 2067 168 2108 putat
193 2074 275 2098 esse
306 2063 599 2107 coniungendam
631 2073 712 2097 cum
741 2064 886 2105 μᾶλλον
912 2062 940 2095 δ’
962 2057 1006 2094 ἄν
1032 2062 1127 2102 xri„
1159 2060 1297 2104 quippe
1323 2069 1417 2103 quae
1445 2058 1547 2092 dissi-

61 2121 278 2156 militudinis
313 2131 459 2155 causam
494 2121 690 2163 contineat,
722 2124 758 2154 et
791 2122 939 2163 propter
970 2118 1087 2161 ipsum
1118 2117 1184 2150 hoc
1209 2118 1353 2159 μᾶλλον
1379 2117 1457 2149 κτλ.
1496 2125 1549 2153 ea,

62 2188 155 2222 quae
176 2178 248 2212 illis
268 2177 418 2212 scholiis
437 2178 614 2219 dicantur,
640 2177 685 2210 ad
704 2176 952 2219 Collytensem
972 2184 1052 2208 esse
1071 2172 1269 2208 referenda,
1320 2174 1419 2213 Quae
1438 2181 1543 2215 quam

62 2234 168 2269 vanis
186 2234 350 2267 nitantur
368 2233 594 2277 argumentis
621 2243 685 2277 per
709 2242 747 2266 se
771 2234 934 2275 apparet.
973 2231 1129 2265 Primum
1149 2229 1242 2264 enim
1262 2228 1550 2263 fundamentum,

62 2301 135 2334 quo
166 2294 277 2324 totam
309 2289 660 2334 argumentationem
694 2291 830 2332 posuit,
862 2286 1053 2321 Schmidtii
1086 2285 1344 2326 coniecturam,
1380 2283 1547 2327 equidem

65 2347 329 2382 debilissimum
356 2350 457 2390 puto,
483 2357 565 2380 cum
584 2346 696 2381 verba
722 2355 764 2379 eo
783 2354 895 2379 sensu
921 2353 993 2386 quo
1020 2346 1245 2386 putaverunt
1269 2340 1432 2375 homines
1452 2340 1550 2374 docti

63 2403 122 2437 vel
149 2403 194 2437 ab
220 2402 347 2446 inepto
372 2403 531 2447 quodam
557 2401 791 2445 grammatico
823 2399 993 2442 usurpari
1025 2407 1135 2441 posse
1162 2406 1301 2440 negem.
1350 2395 1492 2429 Deinde
1520 2395 1549 2428 si

64 2459 153 2493 dicit
177 2458 375 2503 Didymus:
402 2458 546 2502 „potius
565 2457 774 2501 suspicetur
793 2455 925 2499 aliquis
951 2454 1169 2499 Dionysium
1194 2453 1302 2486 alium
1321 2461 1413 2493 esse,
1439 2451 1550 2484 Thra-

64 2515 186 2560 sybuli
218 2513 398 2558 fratrem“,
434 2515 504 2548 iam
536 2517 790 2557 exspectamus
828 2521 911 2546 eum
943 2514 1079 2544 certum
1116 2509 1299 2554 quendam
1334 2507 1439 2541 nobis
1472 2517 1552 2550 pro-

64 2580 200 2616 ponere
225 2571 456 2615 Dionysium,
487 2581 570 2605 cum
596 2581 614 2605 e
640 2570 784 2604 duobus
816 2578 882 2602 nos
908 2577 1018 2601 unum
1050 2567 1176 2600 iubeat
1206 2565 1357 2609 eligere3
1392 2563 1551 2606 denique

66 2637 146 2662 mea
171 2627 316 2671 quidem
344 2627 525 2662 sententia
555 2627 700 2660 omnino
733 2635 803 2658 non
830 2623 1072 2665 desideratur,
1104 2624 1143 2655 ut
1170 2621 1324 2663 dicatur,
1358 2628 1429 2663 qua
1453 2619 1488 2652 in
1515 2628 1553 2652 re

67 2683 263 2718 dissimiles
290 2683 428 2717 fuerint
452 2681 584 2717 fratres
617 2686 679 2716 aut
705 2679 913 2724 propinqui.
964 2679 1101 2722 Nempe
1126 2676 1230 2719 facie,
1265 2680 1383 2719 gesni,
1418 2674 1553 2716 habitu,

66 2744 108 2774 ut
132 2741 259 2784 inepta
284 2740 372 2774 haec
397 2739 652 2784 interpretatio
680 2738 725 2771 ad
752 2736 949 2781 Didymum
976 2745 1047 2768 non
1074 2734 1266 2778 pertineat,
1297 2732 1361 2766 sed
1387 2731 1432 2765 ad
1459 2740 1554 2783 eum,

68 2796 130 2840 qui
156 2800 284 2830 contra
310 2795 408 2829 illum
436 2795 537 2829 dicit.
