1830 3201
322 180 399 215 322

319 291 432 325 esset.
492 286 643 325 Deinde
682 290 810 324 autem
849 287 953 335 quod
985 287 1134 325 Dianae
1172 288 1219 325 ab
1256 287 1365 325 initio
1403 288 1522 325 boves
1560 291 1673 325 votae
1710 300 1794 325 esse

319 355 513 400 dicuntur,
546 367 594 392 ne
616 354 690 392 hoc
712 352 867 402 quidem
890 365 1024 391 verum
1048 354 1203 391 videtur
1223 366 1318 400 esse,
1351 367 1435 392 cum
1463 354 1792 397 talesaerificium

321 422 477 458 omnino
509 433 531 457 a
554 420 661 457 cultu
684 420 903 468 Agroterae
936 420 1155 469 abhorreat,
1188 421 1249 458 eui
1280 420 1383 469 apud
1406 421 1617 470 Spartanos
1639 433 1794 470 quoque

320 491 411 525 ante
452 488 639 537 proelium
684 487 838 535 capella
881 487 1172 525 sacrificabatur
1218 487 1281 534 (cf.
1313 489 1408 526 Xen.
1436 488 1536 526 Hell.
1567 488 1630 536 IV,
1663 491 1698 538 2,
1727 491 1795 538 203

319 557 434 603 Resp.
463 555 554 592 Lac.
581 554 686 602 XIII,
714 553 767 599 8).
827 554 978 601 Quibus
1001 555 1118 592 rebus
1151 554 1317 604 cognitis
1348 556 1413 604 qui
1445 556 1492 593 sit
1524 555 1611 593 fons
1643 557 1794 605 quaeri-

321 626 393 667 tur,
427 621 474 659 de
506 634 583 671 quo
617 621 687 659 nisi
721 634 768 659 ex
799 622 991 671 analogia,
1022 624 1063 659 ut
1093 622 1146 659 ita
1177 622 1313 671 dicam,
1351 622 1515 661 iudicari
1547 635 1625 661 non
1657 624 1794 671 possit3

320 690 459 727 etenim
493 702 577 727 cum
610 689 829 738 Xenophon
862 688 909 726 de
932 689 1068 727 haere
1100 702 1177 727 non
1208 690 1411 728 consultus
1433 690 1492 736 sit,
1525 702 1690 739 cumque
1721 691 1795 728 alia

318 756 465 794 scholia
497 756 638 805 quibus
670 757 718 794 de
750 756 807 793 his
830 757 1070 805 temporibus
1102 761 1241 805 agatur
1271 757 1318 794 ad
1341 757 1541 806 Ephorum
1564 757 1796 807 referantur,

319 823 442 861 eidem
471 824 572 861 hane
600 823 648 861 de
677 823 913 862 Callimacho
935 823 1168 861 sacrificium
1197 827 1285 862 ante
1315 837 1485 874 pugnam
1509 825 1793 863 Marathoniam

320 895 571 940 nuncupante
603 892 864 929 narrationem
897 891 1144 929 tribuendam
1178 896 1284 940 puto.

432 958 565 996 Eidem
599 958 729 996 tribuo
762 959 924 996 alteram
957 962 1107 1008 partem
1139 959 1301 996 schoLI
1333 959 1436 996 Nub.
1460 962 1511 998 64
1543 956 1606 1007 (cf.
1637 972 1672 1008 p.
1700 958 1794 1007 271)

320 1025 369 1063 ad
403 1026 541 1063 lemma
571 1021 850 1076 Καλλιπίδην
882 1025 1005 1074 (quod
1029 1024 1204 1072 excidit):
1236 1021 1330 1063 ἐπεὶ
1361 1022 1429 1062 καὶ
1456 1023 1650 1071 Καλλίας
1677 1016 1700 1064 ὁ
1724 1024 1796 1079 dge-

321 1090 479 1142 ὐόὖχος
516 1082 538 1129 ὁ
576 1087 622 1129 ἐν
654 1090 706 1141 τῇ
737 1087 831 1144 ἱερᾷ
868 1091 999 1141 στολῇ
1034 1087 1303 1142 προσελθών
1343 1088 1411 1130 ἐπὶ
1450 1087 1533 1143 τὴν
1561 1087 1704 1144 μάχην
1738 1090 1797 1139 εἰς

323 1157 585 1209 Μαραθῶνα
616 1156 688 1196 καὶ
722 1149 973 1208 ἀριστεύσας
1010 1151 1121 1197 κατὰ
1150 1158 1240 1197 τῶν
1270 1154 1506 1210 βαρβάρων
1535 1157 1627 1210 τρὶς
1656 1151 1795 1210 Ὀλύμ-

320 1239 399 1264 πια
418 1220 595 1277 νικήσας
613 1219 767 1277 ἅρματι
787 1221 866 1264 τὸν
889 1219 983 1264 υἱὸν
1000 1221 1202 1264 ἐκάλεσεν
1215 1217 1472 1265 Ἱππόνικον
1495 1228 1713 1278 (hucusque
1732 1230 1797 1273 R)-

323 1290 489 1344 λέγεται
518 1290 562 1331 δὲ
583 1292 747 1331 τοῦτον
773 1292 1016 1344 πλουτῆσαι
1047 1298 1082 1340 (6
1107 1296 1205 1333 coni.
1228 1296 1417 1344 Palmerii,
1445 1296 1466 1332 l.
1488 1308 1520 1332 a.
1547 1308 1583 1344 p.
1607 1295 1701 1342 730)
1721 1288 1797 1345 μά-

324 1361 461 1407 λιστα,
502 1355 779 1411 αἰχμαλώτου
815 1355 935 1405 τινος
976 1357 1023 1398 ἐν
1054 1359 1107 1410 τῇ
1135 1355 1246 1411 μάχῃ
1278 1360 1369 1398 τῶν
1398 1355 1634 1412 βαρβάρων
1662 1370 1797 1412 προσ-

322 1422 536 1473 {infirme
560 1419 682 1479 (ιῦτῷ
713 1425 783 1465 καὶ
815 1422 1092 1480 μηνύσαντος
1122 1422 1352 1479 θησαυρὸν
1382 1424 1449 1466 ἐπὶ
1473 1427 1619 1479 μισθῷ
1650 1419 1702 1466 ὃν
1723 1426 1814 1466 καὶ

323 1487 458 1532 αὐτὸν
494 1487 674 1546 ὕστερον
708 1487 964 1534 ἀπέκτεινεν
987 1484 1009 1533 ὁ
1033 1493 1233 1541 Καλλίας.
1295 1497 1413 1535 Cuius
1435 1497 1670 1534 narrationis
1692 1497 1797 1546 apud

321 1564 563 1601 Herodotum
602 1577 650 1602 ne
683 1565 887 1613 vestigium
922 1564 1078 1612 quidem
1117 1563 1318 1610 exstat2³);
1357 1567 1485 1601 exstat
1515 1564 1685 1614 paullum
1717 1577 1798 1602 mu-

320 1634 400 1668 tata
438 1632 540 1679 apud
578 1632 818 1680 Hesychium
857 1636 895 1669 et
932 1631 1088 1670 Suidam
1127 1643 1155 1669 s.
1177 1644 1214 1668 v.
1242 1629 1594 1677 λακκοπλοῦτον,
1633 1644 1796 1680 quorum

322 1702 487 1747 uterque
519 1699 602 1736 sine
625 1698 741 1736 dnbio
773 1699 821 1736 ad
845 1700 1032 1736 comicum
1065 1702 1227 1747 spectat,
1259 1701 1301 1736 ut
1333 1711 1381 1735 ex
1404 1699 1681 1737 commentario
1705 1711 1797 1747 quo-

323 1766 407 1802 dam
440 1778 575 1803 voeem
610 1764 951 1803 λακκοπλοῦτον
983 1767 1201 1815 explicante
1233 1769 1300 1804 aut
1332 1779 1351 1804 e
1375 1766 1499 1804 lexico
1523 1767 1668 1805 comico
1700 1767 1796 1805 haec

321 1837 477 1882 sumpta
499 1834 586 1871 sint.
636 1835 744 1872 Haec
764 1835 884 1883 igitur
912 1834 1006 1871 nihil
1029 1835 1198 1871 afferunt
1220 1833 1268 1870 ad
1292 1836 1464 1871 nostrum
1488 1833 1629 1871 locum.
1678 1834 1795 1872 Maio-

322 1902 373 1939 ris
407 1902 588 1939 momenti
622 1906 681 1939 est
712 1901 815 1950 quod
849 1901 984 1939 eadem
1016 1913 1079 1939 res
1111 1902 1252 1949 legitur
1283 1901 1387 1950 apud
1419 1901 1618 1939 Plutarch.
1640 1901 1798 1940 Aristid.

322 1983 404 2019 cap.
427 1973 467 2009 5:
511 1959 574 2006 ὧν
601 1957 655 2019 ἦν
678 1966 868 2015 Καλλίας
896 1958 918 2006 ὁ
942 1965 1168 2020 δᾳδοῦχος.
1214 1961 1361 2018 τούτῳ
1382 1961 1462 2018 γάρ
1483 1979 1560 2013 τις,
1591 1958 1648 2014 ὡς
1670 1963 1797 2015 ἔοικε,

323 2036 413 2075 τῶν
450 2031 683 2087 βαρβάρων
725 2033 964 2087 προσέπεσε
1008 2032 1174 2086 οἰηθεὶς
1216 2032 1391 2081 βασιλέα
1435 2029 1504 2072 διὰ
1538 2029 1622 2086 τὴν
1656 2030 1798 2087 κόμην

322 2102 391 2141 καὶ
426 2096 476 2142 τὸ
508 2098 722 2154 στρόφιον
753 2097 874 2141 εἶναι.
925 2097 1238 2153 προσκυνήσας
1270 2099 1313 2140 δὲ
1351 2099 1423 2140 καὶ
1455 2096 1692 2153 λαβόμενος
1720 2101 1799 2154 τῆς

325 2170 463 2220 ὸεξιᾶς
497 2166 627 2220 {dage
660 2164 807 2209 πολὺν
834 2163 999 2221 χρυσὸν
1031 2167 1079 2208 ἐν
1101 2164 1250 2221 λάκκῳ
1272 2167 1359 2207 τινὶ
1391 2168 1796 2221 κατορωρυγμένον.

324 2230 346 2275 ὃ
380 2235 424 2277 ὑὲ
458 2236 649 2284 Καλλίας
681 2231 908 2289 ὠμότατος
940 2229 1198 2288 ἀνθρώπων
1229 2235 1297 2275 καὶ
1331 2231 1707 2288 παρονομώτατος
1737 2250 1798 2289 γε·

325 2298 509 2356 νόμενος
546 2301 626 2344 τὸν
656 2302 735 2356 μὲν
759 2300 922 2356 χρυσὸν
945 2300 1155 2356 ἀνείλετο,
1191 2296 1272 2342 τὸν
1304 2295 1340 2342 δ’
1363 2296 1622 2355 ἄνθρωπον,
1655 2295 1714 2351 (ὃς
1742 2300 1799 2357 μὴ

324 2371 523 2411 κατείποι
566 2368 676 2423 πρὸξΊ
719 2368 911 2423 ἑτέρους,
954 2363 1219 2410 ἀπέκτεινεν.
1281 2367 1327 2409 ἐκ
1367 2366 1530 2409 τούτου
1576 2370 1681 2420 φασὶ
1726 2370 1799 2410 καὶ

326 2440 673 2479 λακκοπλοῦτον
716 2432 802 2479 ὑπὸ
842 2440 933 2479 τῶν
975 2438 1181 2490 κωμικῶν
1224 2438 1337 2485 κτλ,
1379 2452 1493 2488 quam
1536 2441 1797 2478 narrationem

437 2562 481 2605 27)
515 2560 629 2604 Apud
656 2570 761 2603 quem
788 2560 885 2603 quod
913 2559 974 2601 VI,
997 2562 1055 2593 122
1080 2559 1115 2592 111
1141 2559 1260 2602 eapite
1285 2568 1304 2591 a
1329 2558 1532 2592 recentiore
1557 2557 1712 2600 quodam
1737 2557 1798 2590 im—

332 2617 443 2651 misso
468 2616 527 2660 (cf.
553 2616 679 2651 Steinii
705 2617 790 2651 edit.
809 2616 947 2657 maior.)
974 2616 1018 2649 de
1038 2616 1171 2649 Calliae
1192 2614 1341 2649 secundi
1359 2614 1523 2648 victoriis
1542 2614 1686 2658 legitur,
1711 2624 1799 2648 eave

326 2684 370 2707 ne
396 2684 477 2708 cum
503 2674 722 2717 petel-senio,
748 2674 769 2706 l.
797 2683 826 2707 a.
853 2684 886 2716 p.
913 2676 953 2706 39
978 2673 1058 2706 adn.
1081 2675 1090 2705 l
1121 2672 1165 2705 ad
1192 2671 1285 2705 1111116
1309 2671 1524 2705 translatum
1550 2675 1669 2714 putes,
1703 2671 1800 2714 quod

325 2730 443 2764 faeere
468 2730 524 2763 vel
547 2734 741 2773 propterea
759 2733 932 2771 vetamur,
958 2729 1042 2770 quia
1066 2737 1145 2762 eum
1171 2737 1290 2771 neque
1309 2736 1450 2770 semper
1467 2726 1657 2770 Olympiae
1681 2736 1800 2770 neque

325 2789 379 2819 ter
404 2785 553 2828 primam
580 2786 732 2829 palmam
758 2789 967 2828 reportasse
993 2784 1067 2818 illic
1093 2784 1256 2826 legimus.
