1830 3201
278 188 352 223 132

274 291 347 333 καὶ
377 294 467 333 κτλ.
500 295 713 334 arbitratus
744 293 856 343 estl),
891 297 933 334 ut
972 297 1074 333 esset
1110 296 1322 334 sententia:
1359 308 1436 334 non
1467 296 1594 335 solum
1625 296 1753 336 Arist-

275 363 454 412 archum,
492 363 561 403 sed
599 363 712 400 etiam
750 362 952 401 Platonem
994 362 1252 412 impugnavit3
1298 374 1427 413 neque
1467 365 1595 402 tamen
1638 363 1753 402 facile

275 431 482 480 quisquam
529 430 629 468 hanc
672 430 936 469 coniecturam
980 430 1218 480 probabilem
1264 441 1350 468 esse
1394 430 1622 481 contendet,
1665 443 1753 469 cum

273 498 352 536 tale
393 496 548 535 dicendi
587 509 712 546 genus
749 498 963 536 offensione
1001 510 1078 535 non
1117 499 1261 535 careat.
1327 493 1553 548 Flaehius2)
1591 499 1753 536 verbum

276 559 438 616 ἔγραψε
469 557 644 611 removit,
682 577 759 614 quo
791 564 894 603 facto
932 565 1005 603 loci
1037 565 1292 603 offensionem
1330 565 1412 603 tolli
1450 568 1508 604 est
1539 565 1753 604 conceden-

276 633 378 671 dum.
438 633 619 682 Denique
657 633 799 671 dixerit
836 633 1026 682 quispiam
1065 632 1186 671 verba
1222 632 1312 670 inde
1349 633 1397 671 ab
1429 626 1588 684 ἔγραψε
1627 645 1754 684 usque

275 700 322 739 ad
362 698 483 738 θεῶν
521 712 605 739 esse
643 700 866 750 abicienda,
903 713 988 738 cum
1026 700 1101 739 hoc
1137 712 1322 739 concesso
1361 701 1468 739 locus
1504 704 1668 740 sanatus
1706 702 1755 740 sit

276 781 400 818 eaque
422 769 617 806 sententia
648 769 772 818 primo
795 767 986 818 adspectu
1019 780 1064 806 ea
1086 780 1128 806 re
1151 767 1414 817 confirmetur,
1444 768 1551 818 quod
1581 768 1754 807 libellum

275 830 387 887 πρὸς,
404 829 625 873 Πλάτωνα
646 832 744 886 περὶ
769 833 893 873 θεῶν
914 836 1148 886 philosopho
1171 848 1285 885 quam
1308 837 1561 885 grammatico
1583 836 1755 875 tribuere

277 903 397 941 malis.
463 904 551 941 Huc
591 902 742 941 accedit
785 902 890 952 quod
928 903 1170 941 Zenodotum
1208 902 1526 952 philosophum3)
1568 903 1755 953 Diogenis

276 971 386 1009 stoici
424 970 658 1019 discipulum
696 969 815 1008 fuisse
851 970 971 1008 tradit
1007 971 1191 1009 Laertius
1224 970 1420 1020 Diogenes
1450 971 1533 1017 VH,
1565 973 1629 1010 30.
1688 971 1755 1009 At-

277 1041 407 1076 tamen
439 1050 512 1087 ego
535 1038 691 1087 quidem
725 1050 747 1075 a
768 1050 828 1076 me
859 1038 1069 1087 impetrare
1102 1051 1179 1076 non
1208 1049 1380 1088 possum,
1412 1041 1455 1076 ut
1485 1038 1588 1076 hanc
1609 1039 1755 1088 opinio·

278 1119 364 1145 nem
396 1106 660 1155 comprobem;
693 1107 917 1144 accuratius
948 1107 1048 1144 enim
1080 1107 1110 1144 si
1143 1106 1192 1143 de
1214 1107 1540 1144 commentatione
1569 1107 1637 1144 illa
1668 1118 1754 1156 ege-

277 1175 408 1219 rimus,
445 1174 654 1224 apparebit
692 1185 775 1211 eam
807 1185 890 1211 esse
926 1173 1042 1211 huius
1072 1173 1158 1211 libri
1191 1176 1381 1221 naturam,
1419 1176 1461 1211 ut
1492 1172 1588 1211 nihil
1619 1173 1756 1220 obstet,

279 1243 487 1292 quominus
526 1242 779 1291 grammatico
821 1254 907 1279 eum
950 1241 1237 1290 adscribamus,
1279 1253 1393 1290 quam
1432 1241 1479 1279 ob
1516 1253 1595 1279 rem
1637 1253 1757 1279 causa

279 1311 374 1349 satis
405 1311 507 1348 iusta
539 1322 615 1348 non
648 1312 718 1359 est,
756 1322 826 1347 cur
856 1309 1047 1347 Zenodoti
1077 1309 1188 1347 stoici
1220 1309 1385 1347 hominis
1422 1309 1594 1358 alioquin
1632 1320 1756 1359 paene

278 1378 401 1428 ignoti
442 1378 613 1416 libellum
656 1377 756 1415 falso
798 1378 835 1415 in
876 1377 1061 1415 Zenodoti
1098 1376 1356 1416 Alexandrini
1394 1377 1512 1414 vitam
1553 1377 1756 1425 irrepsisse

279 1458 519 1484 censeamus.

391 1524 540 1572 Quodsi
559 1524 927 1573 comprehendimus
950 1535 1050 1573 quae
1073 1523 1121 1561 de
1139 1522 1384 1561 emendando
1401 1523 1485 1562 loco
1504 1522 1756 1572 Hesychiano

277 1594 547 1643 disseruimus,
578 1592 810 1631 coniecturis
833 1591 1003 1630 Bekkeri
1027 1594 1064 1630 et
1084 1591 1246 1640 Flachii,
1277 1603 1441 1640 quorum
1464 1591 1562 1628 alter
1594 1583 1757 1640 ἔγραψε

279 1665 367 1712 post
397 1658 578 1712 κληθείς
608 1660 871 1706 inserendum,
911 1660 1008 1698 alter
1040 1660 1196 1698 omnino
1230 1659 1436 1698 delendum
1469 1670 1554 1696 esse
1593 1659 1757 1696 arbitra-

279 1735 341 1769 tus
373 1733 444 1780 est,
482 1729 742 1779 comprobatis
780 1728 1051 1766 difficultatem
1090 1726 1267 1777 expediri
1307 1727 1448 1764 elucet.
1506 1727 1587 1764 Iam
1624 1728 1759 1775 restat,

280 1802 322 1837 ut
360 1797 408 1835 de
439 1798 485 1835 iis
524 1797 710 1846 dicamus,
750 1797 828 1845 qui,
866 1808 951 1833 cum
990 1796 1150 1843 gravius
1188 1794 1370 1833 mendum
1407 1794 1531 1831 latere
1568 1793 1638 1831 sibi
1671 1804 1757 1842 per·

280 1867 487 1916 suaserint,
518 1866 670 1904 ratione
702 1865 817 1914 longe
848 1865 924 1902 alia
955 1867 1047 1902 sunt
1078 1864 1146 1901 usi.
1207 1862 1314 1910 Quos
1344 1863 1446 1900 inter
1473 1862 1577 1899 viros
1609 1860 1758 1910 doctos,

280 1935 351 1974 etsi
388 1934 436 1972 de
466 1934 583 1972 rebus
614 1933 781 1983 singulis
817 1932 1055 1982 discrepant,
1090 1932 1127 1969 in
1161 1943 1206 1968 ea
1236 1943 1277 1969 re
1310 1932 1414 1968 certe
1446 1929 1631 1967 convenit
1666 1927 1758 1966 inde

280 2016 303 2042 a
339 2003 469 2041 verbis
511 1996 673 2052 ἔγραψε·
713 1993 824 2051 πρὸς
865 1992 1086 2037 Πλάτωνα
1126 1997 1220 2036 κτλ.
1267 1996 1600 2036 enumerationem
1641 1996 1758 2034 libro-

281 2083 364 2109 rum
396 2070 639 2120 grammatici
662 2069 827 2106 alicuius
858 2068 1007 2105 initium
1039 2078 1191 2116 capere.
1250 2063 1595 2103 Proficiscentibus
1626 2065 1756 2102 autem

281 2139 392 2177 nobis
435 2138 509 2176 hoc
550 2137 598 2175 ab
641 2138 873 2186 argumento
915 2135 1017 2173 duae
1060 2136 1217 2183 praesto
1261 2136 1351 2171 sunt
1391 2131 1613 2181 explicandi
1653 2132 1757 2169 viae:

282 2207 403 2245 altera
435 2210 476 2244 ut
506 2217 597 2256 pars
619 2206 722 2243 vitae
749 2204 856 2253 prior
877 2203 1066 2253 praebeat
1091 2201 1280 2240 Zenodoti
1302 2199 1559 2238 Alexandrini
1581 2199 1756 2238 notitiam

282 2275 412 2312 verbis
443 2274 503 2312 his
533 2265 781 2323 Ζηνόδοτος
812 2262 1126 2319 Ἀλεξανδρεύς,
1159 2261 1182 2306 ὁ
1205 2264 1252 2306 ἐν
1276 2260 1392 2306 ἄστει
1413 2263 1614 2318 κληθείς·
1646 2259 1758 2318 πρὸς

282 2336 336 2379 τὰ
369 2331 437 2379 ὑπ’
461 2331 737 2390 Ἀριστάρχου
769 2329 1059 2388 «Ξθετούμενα,
1093 2341 1224 2376 cetera
1255 2336 1303 2375 ad
1326 2337 1440 2375 alium
1463 2336 1758 2385 grammaticum

283 2473 328 2507 de
346 2472 452 2506 vitis:
480 2466 700 2515 Ἀντίμαχος,
728 2465 1127 2515 ἕτεροςἩλιοπολίτης
1147 2462 1434 2511 ιῖπἈίγύπτους
1462 2461 1757 2511 Ᾰσῖράμψυχοςς

277 2524 501 2573 Ἱερώνυμος
530 2524 749 2571 Καρδιανός.

397 2586 424 2626 1)
454 2584 475 2618 l.
495 2594 524 2618 c.
550 2594 602 2618 nr.
620 2586 693 2618 218.

396 2643 424 2683 2)
455 2641 515 2676 1.1.
542 2651 576 2684 p.
595 2643 646 2675 81.

396 2698 424 2739 ³)
455 2695 510 2731 Cf.
533 2695 658 2738 Ze11er,
684 2695 752 2729 Die
770 2694 1005 2738 Philosophie
1029 2694 1095 2728 der
1111 2692 1292 2727 Griechen
1316 2692 1382 2736 ΙΙΙ,
1404 2695 1413 2726 l
1437 2703 1471 2736 p.
1487 2695 1539 2731 48,
1565 2691 1627 2735 qui
1644 2690 1755 2725 Alex-

285 2753 471 2787 andrinum
490 2751 713 2787 Zenodotum
740 2754 777 2785 et
793 2750 949 2785 stoicum
972 2748 1128 2784 fortasse
1149 2748 1303 2783 eundem
1323 2758 1403 2783 esse
1428 2750 1551 2792 putatz,
1575 2746 1640 2781 sed
1666 2744 1756 2780 nihil

287 2809 403 2852 video,
429 2809 527 2853 quod
553 2819 617 2843 nos
643 2810 762 2852 cogat,
787 2810 827 2841 ut
852 2807 884 2842 ei
909 2806 1159 2841 assentiamur.

1813 0 1820 111 l

1815 117 1822 216 ι

1817 218 1823 353 l

1821 461 1827 510 <0⁴2
1819 371 1827 466 <w
1818 311 1824 343 1-3.
