1815 3231
1470 203 1518 237 '73

40 301 293 352 gnoscatu1·“.
338 298 523 353 Εἴὸὀμα(
558 304 706 354 aliquid
731 307 854 343 oeulis
878 307 982 344 corni
1016 309 1131 356 vulgo
1166 309 1321 358 indicat,
1355 305 1517 359 ε’ίωυμιε(

40 372 182 420 tamen,
218 371 324 420 quod
364 373 405 409 ut
436 371 611 410 futurum
644 373 691 410 ad
724 365 823 410 οἶδα
856 374 1034 421 ι·υίύι·ῐιιι·,
1073 389 1224 425 semper
1262 378 1405 415 indicat
1440 379 1516 416 ani-

41 450 142 477 mum
175 437 328 488 aliquid
359 438 685 479 animadvertere.

154 511 453 567 διαείδομαι
497 519 603 568 apud
651 520 861 558 Homerum
914 524 1062 559 tantum
1109 522 1144 559 ἰιι
1192 523 1310 560 iliade
1363 524 1518 573 l‹·gitur·,

40 583 86 621 N
109 587 188 623 277
212 578 270 629 ,ἐς
300 578 447 635 λόχον,
490 580 602 623 ἔνθα
633 577 803 636 μάλιστ’
826 578 955 638 dorm)
989 585 1214 625 ‹Suu-imru(
1249 582 1423 639 drogum·
1455 592 1516 628 in-

39 652 300 690 transitive
332 664 419 691 eum
442 654 600 691 notione
623 655 892 692 translucondi
927 660 1149 705 usurpatur.
1209 658 1290 693 Πομ·
1321 658 1403 694 loco
1437 671 1518 695 vor-

39 719 129 758 bum
166 720 355 758 translate
395 719 541 759 dietum
574 724 644 759 est.
704 722 852 760 Iniuria
884 723 1108 771 Ebelingius
1146 725 1288 772 aliique
1332 726 1403 762 hoe
1435 726 1517 762 loco

39 787 236 837 passivum
269 790 507 836 statuerunt;
539 788 587 826 ef.
609 802 665 838 ea,
698 802 799 839 quae
831 790 901 828 sub
925 787 1128 840 φλεγέῧω
1158 791 1205 829 de
1229 792 1383 840 passivo
1415 793 1515 841 apud

41 854 255 893 Homerum
287 855 497 894 statuendo
530 856 709 895 disserui.

154 935 327 974 Verbum
358 937 620 974 transitive
643 937 786 986 legitur
818 936 853 974 Θ
875 940 954 976 533
987 929 1142 986 (cismar
1174 930 1229 986 ἣν
1251 928 1409 986 ἀρετὴν
1431 935 1518 973 ‹tm—

40 999 211 1050 είσεται,
246 999 284 1040 εἴ
310 993 349 1040 κ)
372 997 478 1053 ἐμὸν
509 998 630 1054 ἔγχος
663 1002 668 1052 Ι
700 1000 836 1054 μείνῃ.
897 1005 984 1054 Alii,
1021 1010 1061 1042 ut
1092 1006 1296 1053 Anwisins,
1333 1007 1518 1054 interpre-

39 1074 190 1110 tantur:
240 1071 446 1118 „virtutem
486 1084 595 1110 suam
633 1072 825 1121 ostendet,
861 1085 953 1122 prae
990 1085 1030 1110 so
1069 1073 1177 1122 seret,
1215 1086 1306 1122 prae
1344 1085 1384 1110 so
1417 1073 1518 1111 serre

39 1140 196 1190 poterit,
227 1140 257 1177 si
290 1169 297 1177 .
329 1168 338 1178 .
369 1139 419 1188 .“‚
456 1140 535 1189 alii,
568 1142 610 1178 ut
639 1140 815 1189 Faesius„
846 1140 1065 1178 scholiastis
1096 1140 1376 1178 adsentientes:
1423 1141 1516 1184 „vir-

40 1210 162 1248 tutem
194 1219 304 1246 suam
342 1207 560 1257 dignoscet,
597 1208 627 1245 si
661 1238 668 1246 .
700 1236 708 1245 .
739 1208 786 1253 .“‚
824 1212 1034 1257 propterea
1073 1207 1175 1257 qnod
1209 1208 1378 1245 futurum
1411 1207 1517 1245 vorbi

41 1275 227 1324 simplicis
267 1270 438 1325 εἴσομαι
479 1278 630 1314 tantum
669 1275 717 1314 de
754 1276 883 1313 animo
922 1276 1256 1313 animadvertente
1300 1278 1518 1323 usurpatur.

42 1342 224 1382 Ceterum
261 1343 426 1381 Faesius
469 1343 573 1381 hune
611 1355 768 1381 versum
812 1346 849 1381 et
886 1346 1095 1392 sequentes
1139 1354 1259 1392 usquc
1298 1341 1345 1379 ad
1379 1354 1411 1378 v.
1439 1345 1515 1379 5211

40 1409 126 1448 iure
172 1410 439 1460 reprehendit.
513 1411 692 1460 Utraque
737 1410 1007 1460 interpretatio
1053 1410 1268 1448 sententiae
1317 1412 1407 1458 apta
1452 1412 1517 1446 est.

41 1478 224 1516 Fortasse
256 1489 367 1527 vero,
403 1490 490 1516 eum
524 1478 698 1516 futurum
738 1479 785 1516 ob
818 1477 1138 1527 significationem
1177 1476 1323 1515 formae
1354 1472 1516 1524 εἴσομαι

41 1546 309 1585 inhaerentem
342 1546 391 1584 ad
423 1546 641 1597 perfectum
675 1542 816 1583 δίοιὸα
848 1545 986 1584 referri
1018 1544 1209 1594 videatur,
1247 1545 1371 1582 Faesii
1404 1544 1518 1581 inter-

42 1614 211 1664 pretatio
244 1615 304 1652 est
335 1614 627 1663 anteponenda.
687 1615 825 1663 Itaque
848 1614 1010 1651 verbum
1042 1613 1197 1662 proprie
1230 1612 1303 1650 hue
1336 1624 1411 1649 non
1435 1624 1519 1660 per-

42 1681 149 1720 tinet.
217 1681 293 1721 Sed
335 1682 408 1720 hoc
440 1684 604 1728 constat,
647 1677 875 1719 διαείσεται
925 1681 972 1719 ob
1015 1681 1283 1719 formationem
1325 1691 1429 1717 suam
1469 1677 1517 1716 ad

42 1763 233 1801 praesens
265 1755 420 1802 tempus
452 1747 695 1802 διαείδομαι
727 1754 921 1801 spectare.

550 1882 608 1931 2.
655 1881 999 1937 ὲςαγεὶρομαι.

155 1977 231 2015 Hic
268 1978 416 2027 pariter
456 1981 576 2027 atque
607 1978 644 2015 in
677 1977 796 2015 verbo
829 1972 1067 2025 ὁιαεὶδομαι
1107 1988 1223 2013 eausa
1254 1974 1422 2023 duplicis
1454 1987 1519 2011 no-

43 2045 160 2083 tionis
199 2048 258 2084 est
294 2045 419 2084 forma
457 2045 590 2091 medii,
628 2044 733 2094 quod
772 2043 981 2093 dupliciter
1018 2043 1198 2092 usurpari
1237 2054 1349 2092 posse
1388 2045 1517 2079 notum

43 2115 114 2163 est,
151 2113 226 2151 nisi
265 2113 371 2163 quod
408 2114 524 2153 huius
560 2113 669 2152 verbi
707 2113 819 2152 etiam
858 2113 1024 2150 activum
1062 2110 1117 2158 (in
1149 2111 1274 2155 tmesi)
1306 2107 1443 2147 „1142
1483 2111 1521 2146 et

42 2193 76 2220 π
98 2184 178 2222 349
213 2182 419 2231 reperitur.

155 2261 190 2296 I·
234 2261 603 2300 Intransitivum
636 2260 802 2299 medium
827 2259 970 2309 legitur
1000 2259 1123 2307 {248
1154 2252 1394 2307 ἐσαγείρετο
1418 2246 1520 2301 λαός

6 2331 9 2334 “
44 2328 270 2378 significans
305 2329 605 2379 „eong1·egari“.

156 2407 214 2442 11.
255 2407 428 2446 Medium
460 2408 701 2446 indirecte
732 2406 1030 2449 reflexivum,
1064 2407 1104 2441 ut
1130 2404 1182 2440 ita
1210 2402 1346 2447 dicam,
1378 2401 1519 2449 legitur

49 2473 82 2513 Ο
110 2478 192 2514 240
217 2491 272 2505 =
301 2474 340 2513 Φ
367 2478 448 2515 417
492 2471 737 2527 ἐσαγείρετο
775 2466 922 2523 θυμόν
964 2471 1187 2521 significans
1229 2470 1418 2515 „animum
1460 2481 1517 2506 re-

46 2541 271 2592 eollige1·e“.
