1815 3231
1448 226 1512 260 171

53 324 238 371 moratur,
278 334 406 371 neque
443 326 569 361 tamen
608 325 656 363 dc
694 327 809 364 rebus
846 329 1009 377 singulis
1047 333 1295 370 consentiunt
1331 337 1522 381 auctores,

53 401 171 438 quam
202 389 251 427 ob
282 401 364 428 rem
401 393 630 440 perquirere
663 394 771 431 nobis
805 395 928 440 liceat,
968 402 1152 445 quantum
1189 400 1367 437 recedant
1404 401 1519 438 ‹sets-ri

53 468 76 494 a
115 457 342 496 narratione
384 458 587 497 Zenodoti.
656 461 712 498 Ac
752 463 968 501 Pausanias
1009 465 1180 512 quidem,
1221 468 1285 515 qui
1330 468 1520 516 Lepi-eum

53 524 200 574 Pyrgei
227 524 345 563 [ilium
377 527 563 576 nominat,
595 531 791 566 certamen
815 532 1037 569 voracitatis
1069 534 1188 570 solum
1223 536 1345 582 assi-rt,
1377 535 1412 572 in
1447 548 1522 583 quo

54 592 251 643 Lepreum
282 594 444 632 Herculi
472 607 603 644 parem
636 596 756 634 fuisse
789 598 892 648 dieit,
923 612 1006 636 cum
1040 601 1074 637 in
1098 602 1240 638 scholio
1265 602 1522 639 (¹:1lli1naelieo

6 716 7 720 Ἰ
54 661 251 711 Lepreum
284 662 460 712 Neptuni
496 664 614 701 filium
648 656 888 716 ἀδηφαγίας
925 670 1131 705 certamine
1170 670 1341 706 instituto
1378 671 1520 707 victum

53 729 102 767 ab
134 729 305 768 Hercule
346 733 528 769 necatum
566 744 651 770 esse
689 733 950 781 perhibeatur.
1010 738 1211 774 (jer-tamen
1252 733 1346 786 step}
1391 737 1522 773 ,τολυ-

55 793 223 844 ποσίας,
257 797 363 847 quod
386 799 514 837 omisit
534 799 771 850 Zenodotus,
800 814 822 839 a
853 802 1026 852 Matride,
1058 803 1234 852 Cane-alo,
1266 805 1428 841 Aeliano
1459 804 1522 841 ad-

55 865 177 903 ditum
209 877 295 904 esse
326 866 515 905 videmus.
576 867 689 906 Unde
728 869 881 906 tluxerit
917 869 1047 907 fabula
1085 872 1236 919 qualem
1270 872 1427 909 tradidit
1457 873 1521 909 Ze-

55 932 224 972 nodotus
255 934 467 984 nescimus3
503 938 674 973 attamen
707 936 872 975 fortasse
909 942 1177 987 argumentum
1209 939 1429 977 comoediae
1462 953 1521 976 ne-

55 1001 135 1040 scio
167 1002 276 1040 euius
307 1002 357 1040 ad
388 1002 539 1041 fabulas
569 1003 618 1041 de
649 1004 818 1043 Hercule
850 1006 1062 1055 perhibitus
1100 1007 1329 1054 pertinentis
1366 1007 1524 1044 subesse

55 1068 313 1119 improbabile
344 1083 422 1108 non
454 1071 621 1109 videtur.

168 1150 304 1188 Restat
334 1152 378 1188 ut
408 1149 457 1188 de
487 1150 675 1189 Zenodoti
707 1152 770 1189 vel
801 1152 1024 1190 Callimachi
1053 1152 1271 1190 testimonio
1303 1165 1362 1201 ap.
1385 1152 1523 1189 Athen.

20 1247 27 1253 .
55 1229 93 1266 p.
122 1219 173 1257 95
191 1218 233 1267 F,
264 1218 368 1257 96A
407 1217 663 1268 disputemus.
726 1219 905 1257 Tradidit
943 1222 1068 1257 autem
1104 1220 1324 1257 Zenodotus
1360 1220 1525 1267 Argivos

60 1285 202 1324 Veneri
229 1297 320 1324 sues
347 1285 560 1323 immolare.
619 1286 730 1333 Quae
752 1287 925 1324 narratio
954 1299 1046 1324 sane
1069 1288 1158 1324 satis
1181 1290 1237 1324 est
1261 1287 1526 1334 memorabilis,

57 1355 101 1391 ut
129 1353 244 1391 valde
275 1353 487 1392 dolendum
521 1366 617 1403 esse,
654 1354 758 1404 quod
794 1367 919 1403 pauca
950 1358 1099 1392 tantum
1131 1358 1168 1392 et
1198 1354 1309 1392 exilia
1346 1355 1526 1403 epitoma-

56 1434 143 1459 rum
179 1421 492 1460 Zenodotearum
529 1422 751 1472 fragmenta
797 1425 952 1460 servata
987 1418 1079 1471 sint,
1116 1423 1249 1471 negari
1285 1435 1360 1459 non
1398 1422 1528 1470 possit.

57 1489 141 1527 Etsi
176 1489 391 1539 pleraeque
422 1490 663 1529 Graecorum
702 1490 880 1528 civitates
915 1490 952 1527 in
982 1490 1145 1528 Veneris
1176 1490 1373 1527 sacrificiis
1414 1501 1527 1526 carne

57 1557 174 1595 suilla
203 1558 465 1604 abstinebant,
502 1557 609 1608 quod
641 1557 690 1596 de
721 1558 858 1596 Atticis
895 1560 933 1595 et
963 1557 1151 1606 Sicyoniis
1189 1557 1328 1594 diserte
1365 1560 1422 1594 est
1452 1560 1528 1593 tra-

59 1624 231 1674 ditum1),
270 1627 400 1664 tamen
432 1637 707 1674 nonnusquam
740 1626 778 1662 in
809 1626 972 1663 Veneris
1003 1625 1185 1663 honorem
1218 1635 1356 1673 porcos
1388 1626 1528 1660 macta·

58 1696 118 1732 tos
149 1705 235 1732 esse
272 1693 506 1732 testimoniis
536 1694 747 1743 perpaucis
787 1693 1072 1741 comprobatur.
1130 1693 1257 1741 Atque
1296 1694 1336 1729 ut
1367 1703 1442 1728 non
1475 1690 1527 1727 di-

59 1773 192 1800 camus
237 1761 286 1800 de
333 1761 505 1811 Cypriis,
551 1773 650 1811 quos
696 1760 911 1798 mactand1s
955 1760 1086 1798 suibus
1131 1759 1318 1797 Venerem
1365 1757 1529 1795 coluisse

58 1827 298 1876 Prellerus2)
336 1829 479 1868 collato
511 1828 731 1867 Antimachi
764 1829 848 1866 loco
887 1838 1151 1876 praepropere
1193 1826 1403 1863 coniecisse
1440 1825 1528 1861 mihi

58 1896 228 1948 videtur,
258 1897 365 1947 apud
395 1897 619 1947 Aspendios
650 1899 687 1935 et
717 1895 1038 1945 Metropolitanos
1069 1905 1186 1943 porco
1218 1893 1352 1930 litandi
1384 1904 1526 1929 morem

59 2061 95 2095 p.
120 2053 184 2085 412
204 2050 245 2093 Β,
281 2050 344 2094 qui
374 2048 563 2084 Matridem
594 2047 808 2082 Thebanum
845 2051 881 2081 et
913 2045 1106 2081 Caucalum
1140 2044 1278 2085 Chium,
1309 2042 1530 2086 Theopompi

58 2104 217 2149 fratrem,
249 2109 364 2141 testes
398 2103 549 2149 profert.
579 2124 620 2129 —-
653 2104 770 2147 (Eust.
802 2113 836 2146 p.
864 2106 957 2144 1523,
983 2106 1003 2135 4
1036 2099 1217 2135 Athenaei
1249 2100 1439 2144 epitomum
1472 2108 1530 2132 ex-

61 2162 241 2207 scripsit.)

174 2218 203 2264 ¹)
229 2217 284 2254 Cf.
309 2216 499 2261 Aristoph.
526 2215 618 2251 Aah.
644 2218 726 2250 793:
761 2210 841 2249 ἀλλ’
858 2211 940 2258 οὐχὶ
962 2217 1090 2258 χοῖρος
1113 2207 1142 2245 τ’
1162 2206 1349 2255 Ἀφροδίτῃ
1380 2206 1533 2250 θύεται,

63 2275 177 2310 schol.
201 2275 248 2309 ad.
272 2275 305 2310 h.
323 2275 363 2309 l.:
396 2271 532 2309 πολλοὶ
556 2276 631 2307 τῶν
657 2268 835 2316 Ελλήνων
866 2266 911 2304 οὔ
936 2266 1071 2304 θύουσι
1095 2266 1248 2312 χοῖροι-ς
1276 2269 1318 2309 τῇ
1345 2260 1533 2309 ,Ἀφροδίτῃ

8 2335 11 2338 “
61 2327 113 2374 ὡς
135 2327 414 2378 βδελυττομὲνῃ
439 2327 498 2365 διὰ
514 2326 580 2364 τὸν
600 2325 752 2363 Ἄδωνιν.
791 2328 898 2362 Paus.
916 2326 951 2359 ΙΙ
969 2336 997 2360 c.
1015 2329 1064 2368 10,
1084 2329 1114 2365 4,
1139 2324 1200 2367 qui
1217 2332 1329 2366 agens
1349 2321 1393 2355 de
1411 2320 1535 2364 Sicyo-

61 2388 202 2423 niorum
227 2387 400 2422 instituto
424 2386 527 2421 dicit:
552 2388 629 2419 τῶν
654 2383 693 2420 δὲ
721 2381 869 2427 ἱερείων
894 2378 981 2422 τοὺς
997 2377 1139 2425 μηροὶ-ς
1158 2376 1291 2413 θύουσι
1311 2374 1405 2420 πλὴν
1423 2377 1533 2410 σιῶν.

63 2443 119 2480 Of.
137 2443 274 2478 Athen.
296 2455 332 2488 p.
346 2446 388 2478 95
399 2443 439 2486 F,
463 2442 524 2486 qui
549 2451 594 2476 ex
612 2438 822 2475 Antimachi
840 2437 966 2473 comici
983 2436 1105 2470 fabula
1129 2435 1233 2469 affert
1251 2432 1377 2467 verba:
1404 2428 1533 2465 ἔπειτα

62 2494 332 2546 κάκροκώλιον
363 2493 467 2534 ῧειον
493 2493 710 2543 Άφροδίτῃ,·
742 2497 901 2540 γελοῖον.
939 2493 968 2527 Β
1001 2488 1166 2537 ἀγνοεῖς·
1202 2486 1241 2525 ἐν
1265 2492 1307 2532 τῇ
1334 2485 1474 2533 Κύπρῳ
1506 2483 1535 2546 δί

64 2549 165 2591 οὕτω
191 2557 341 2600 φιληδεῖ
372 2558 455 2595 ταῖς
479 2548 574 2595 ὑσίν,
608 2546 662 2594 (ὦ)
688 2545 858 2592 δέσποθ’,
891 2543 983 2590 ὥςτε
1016 2550 1275 2591 σκατοφαγεῖν·
1307 2539 1459 2587 ἀπεῖρξε
1495 2554 1533 2575 to

64 2612 172 2659 ζῴον,
197 2608 286 2653 τοὺς
310 2609 349 2647 δὲ
375 2613 465 2657 βοῦς
489 2606 718 2654 ἠνάγκασεν.
756 2605 812 2641 Cf.
836 2605 954 2648 Kock,
979 2604 1076 2639 Com.
1092 2601 1216 2637 ‘Attio
1240 2600 1365 2643 fragm.
1390 2598 1405 2631 Ι
1430 2609 1463 2641 p.
1483 2601 1535 2639 (513

63 2668 244 2711 Meineke,
267 2667 409 2711 Fragm.
428 2677 519 2701 com.
537 2665 665 2700 Graec.
690 2663 745 2697 III
769 2674 803 2706 p.
826 2665 887 2705 663
920 2661 964 2694 K.
983 2661 1021 2694 F.
1040 2660 1233 2699 Hermann,
1258 2653 1448 2690 Lehrbuch
1474 2653 1536 2686 der

64 2723 339 2767 gottesdienstl.
356 2720 611 2757 Alter-thiimer
637 2720 671 2754 d.
689 2718 879 2759 Griechen,
903 2727 938 2760 p.
959 2719 1031 2758 117,
1056 2715 1146 2759 §2⁶⁷
1164 2716 1198 2756 33
1224 2710 1370 2751 Preller,
1395 2708 1535 2752 Griech·

64 2779 226 2824 Mythol.,
251 2783 282 2814 4.
299 2777 461 2822 Auflage
486 2787 560 2812 von
585 2777 624 2812 C.
642 2775 793 2817 Robert,
822 2776 919 2815 1587,
943 2772 959 2805 Ι
985 2782 1018 2815 p.
1039 2773 1100 2805 347
1126 2769 1205 2803 adn.
1224 2770 1252 2801 2.
1278 2777 1312 2810 p.
1331 2768 1404 2798 351.

176 2836 207 2877 ²)
238 2832 293 2869 Cf.
318 2833 467 2877 Preller,
493 2830 638 2867 Grieeh.
655 2829 802 2875 Mythol.
829 2832 860 2863 3.
877 2826 977 2862 Aufl.
1002 2825 1019 2859 Ι
1044 2837 1079 2870 p.
1098 2827 1172 2859 290.

1278 2890 1338 2924 12*
