1830 3201
284 180 365 215 310

396 289 453 324 De
486 287 633 324 Eccles.
665 286 836 335 deniqne
868 286 986 324 schol.
1014 290 1119 326 1089
1151 287 1188 324 in
1222 286 1351 336 capite
1372 287 1425 325 VI
1457 286 1594 324 dicam.

395 355 473 391 Iam
511 366 629 391 unum
667 356 788 391 restat
825 353 1034 404 scholium,
1076 354 1181 403 quod
1222 354 1271 391 ad
1308 354 1581 404 Xenophontis
1619 353 1766 391 recedit

284 435 360 459 non
394 422 584 459 lieilenica
622 420 719 458 illud
757 421 926 469 quidem,
964 421 1031 458 sed
1065 421 1266 471 anabasin‚
1303 433 1444 471 nempe
1481 422 1611 470 Equit.
1642 423 1765 460 1089:

283 486 437 526 Σοῦσα
468 479 546 537 γὰρ
578 483 650 524 καὶ
682 477 920 534 Ἐκβάτανα
952 485 1026 538 τῆς
1058 485 1275 538 Περῡικῆς
1305 482 1452 538 χώρας
1482 481 1645 533 πόλεις.
1699 476 1765 525 ὦν
1824 520 1825 533 2

283 552 330 592 ἐν
358 553 437 605 μὲν
467 554 519 604 τῇ
549 549 673 606 ἑτέρᾳ
704 550 893 605 ἐχείμαζε
931 548 1132 602 βασιλεὺς
1164 552 1187 592 ὁ
1219 551 1359 605 μέγας,
1402 550 1448 593 ἐν
1479 551 1524 593 δὲ
1555 553 1609 604 τῇ
1642 548 1767 606 ἑτέρᾳ

284 619 491 673 ἐθέριζεν,
534 636 637 672 qnae
675 627 763 660 orta
800 626 891 661 sunt
928 636 974 661 ex
1006 623 1128 661 Anah.
1161 624 1227 669 111,
1260 626 1296 672 5,
1326 626 1392 662 15:
1434 612 1459 674 ἦ
1492 619 1537 660 δὲ
1568 617 1680 673 πρὸς
1711 617 1768 661 ἕω

284 687 354 728 ἐπὶ
386 683 540 728 Σοῦσά
559 702 605 727 τε
636 686 708 727 καὶ
740 680 980 737 Ἐκβάτανα
1011 687 1151 741 φέροι,
1185 685 1298 728 ἔνθα
1329 688 1522 741 θερίζειν
1553 687 1627 728 καὶ
1658 685 1768 742 ἐαρί-

285 759 375 806 ξειν
406 754 571 808 λέγεται
613 748 827 804 βασιλεύς,
869 770 956 796 cnm
994 761 1202 807 praeterea
1240 759 1288 796 de
1326 759 1463 797 eadem
1501 772 1543 798 re
1583 759 1769 809 loquatur
1827 794 1828 797 ,

285 826 507 875 Xenophon
540 826 578 863 in
612 826 757 875 Cyrup.
780 826 882 873 VIII,
911 829 945 874 6,
974 829 1044 870 223
1086 826 1132 864 cf.
1164 827 1392 876 Kiepertus,
1429 827 1573 866 Lehrb.
1601 826 1637 865 d.
1665 827 1769 864 alten
1828 878 1829 881 Ἴ

287 893 536 942 Geographie
569 906 605 942 p.
629 896 690 932 69.

400 963 478 999 Iam
513 963 554 998 ut
586 961 633 998 ad
657 961 895 1010 Ephorum
918 964 1176 1011 transeamus,
1207 962 1290 1000 eius
1312 974 1452 1000 nomen
1475 965 1603 1000 exstat
1629 963 1666 1000 in
1689 962 1771 1000 solo

286 1029 406 1066 schol.
439 1028 541 1066 Nub.
572 1030 671 1075 859,
711 1028 758 1065 cf.
789 1028 896 1067 Suid.
929 1040 957 1066 s.
986 1042 1019 1066 v.
1052 1024 1161 1066 Δέον
1201 1030 1309 1067 artic.
1336 1030 1386 1068 11.
1451 1029 1583 1067 Habes
1623 1029 1772 1067 scholia

287 1099 485 1145 quattuor:
521 1097 536 1134 Ι
568 1096 588 1133 l.
614 1098 789 1145 28—-37‚
821 1097 857 1133 ΙΙ
890 1097 912 1134 l.
935 1098 1111 1142 38—43,
1143 1097 1198 1134 111
1230 1097 1252 1134 l.
1275 1099 1453 1146 44—52,
1485 1097 1608 1135 altera
1638 1109 1772 1135 recen-

287 1165 396 1201 sione
419 1162 521 1210 (ΘΜ
537 1161 697 1209 Aldina)
721 1175 919 1213 expressa,
951 1164 1003 1201 IV
1033 1167 1084 1203 53
1115 1176 1239 1213 usque
1262 1164 1310 1201 ad
1332 1163 1446 1202 finem
1474 1164 1599 1202 altera
1626 1162 1772 1211 (RV).5)

288 1231 403 1278 Quod
434 1230 483 1268 ad
516 1230 674 1269 Snidam
707 1232 859 1280 attinet,
890 1244 1006 1281 quam
1040 1244 1127 1270 cum
1157 1232 1217 1270 his
1245 1232 1397 1271 duabus
1425 1232 1579 1270 familiis
1610 1232 1774 1271 haberet

288 1300 556 1347 cognationem
597 1299 792 1337 Zacherns
831 1300 1038 1349 quaesivit,
1076 1300 1124 1337 ad
1164 1313 1279 1349 quam
1319 1301 1587 1349 quaestionem
1626 1301 1680 1338 ita
1715 1312 1774 1338 re-

289 1366 457 1415 spondit,
497 1370 539 1404 ut
576 1379 661 1404 eum
704 1367 826 1416 magis
866 1379 950 1405 cum
983 1368 1051 1405 RV
1083 1379 1199 1416 quam
1232 1380 1317 1405 cum
1351 1368 1473 1406 altera
1504 1367 1648 1405 familia
1685 1379 1774 1406 con-

290 1434 434 1472 sentire
465 1436 632 1483 putaret,
673 1435 742 1472 sed
782 1435 834 1472 ita
876 1439 917 1473 ut
959 1435 1007 1472 ad
1049 1435 1307 1485 archetypum
1351 1436 1514 1485 propius
1555 1435 1775 1473 accederet.

290 1500 405 1548 Quod
438 1502 511 1539 hoc
543 1501 692 1540 scholio
725 1502 930 1551 probatur.
989 1502 1157 1540 Exhibet
1178 1503 1278 1540 enim
1301 1502 1444 1541 Suidas
1475 1503 1641 1552 primum
1664 1503 1773 1541 scho-

290 1570 381 1606 lium
413 1569 466 1607 1V
498 1569 545 1606 ad
578 1569 742 1608 verbum
774 1569 855 1608 fere
887 1582 1115 1619 expressum
1148 1583 1272 1619 usque
1303 1571 1351 1608 ad
1373 1570 1510 1608 vitium
1533 1563 1774 1621 Κλεάνδρῳ

292 1649 363 1685 pro
387 1633 671 1686 Κλεανδρίδῃ,
713 1650 799 1675 cum
832 1638 870 1675 in
903 1637 979 1676 fine
1011 1637 1156 1676 rectius
1193 1638 1375 1676 exhibeat
1406 1628 1627 1676 ἀναλῶσαι
1660 1627 1774 1675 αὐτὰ

292 1717 363 1752 pro
381 1694 608 1742 ι’ἷναλῶσαι
625 1703 766 1742 ταῦτα
789 1705 967 1744 codicum
986 1706 1066 1744 RV.
1106 1706 1258 1745 Deinde
1279 1705 1419 1744 Suidas
1440 1707 1603 1756 praebet
1623 1706 1775 1745 schol.I

292 1773 453 1810 alterius
486 1774 740 1821 recensionis,
771 1773 877 1822 quod
909 1786 995 1811 cum
1028 1785 1154 1823 usque
1185 1774 1233 1811 ad
1255 1768 1502 1824 ἐζημίωσαν
1533 1774 1582 1811 ad
1614 1774 1775 1812 verbum

292 1841 590 1890 transscriptum
622 1841 682 1890 sit,
713 1842 751 1878 in
783 1840 858 1879 fine
891 1841 1032 1879 leviter
1064 1844 1253 1879 mutatum
1286 1844 1344 1879 est
1382 1845 1449 1880 aut
1479 1841 1624 1880 Suidae
1656 1841 1777 1890 ipsius

294 1908 469 1956 consilio,
500 1910 541 1945 ut
572 1909 647 1946 iam
679 1911 796 1946 antea
828 1908 974 1956 Ephori
1006 1920 1146 1946 nomen
1177 1908 1298 1958 deest,
1328 1911 1397 1947 ant
1427 1909 1616 1947 librorum
1639 1908 1777 1958 depra-

294 1975 462 2012 vatione.
522 1975 608 2012 Huc
630 1976 800 2023 pertinet
831 1979 869 2013 et
899 1975 1004 2024 quod
1036 1988 1106 2024 pro
1134 1966 1181 2012 ιε’
1205 1966 1424 2020 ταλαντας
1454 1975 1643 2024 scriptum
1666 1979 1724 2014 est
1746 1968 1776 2012 ε’

294 2043 435 2079 omissa
472 2041 600 2080 littera
634 2054 647 2078 ι
685 2046 723 2080 et
760 2042 865 2091 quod
904 2042 1041 2081 eodem
1080 2042 1193 2081 modo
1231 2035 1270 2079 κ’
1310 2043 1333 2080 l.
1361 2045 1412 2082 29
1452 2045 1680 2093 corruptum
1719 2046 1778 2081 est

295 2109 332 2146 in
365 2102 413 2145 ν’.
475 2110 599 2157 Quam
633 2110 680 2147 ob
712 2122 793 2147 rem
834 2110 970 2159 utique
1011 2110 1151 2148 falsum
1190 2113 1249 2147 est
1289 2110 1395 2159 quod
1435 2109 1673 2149 Schmidtius
1709 2110 1777 2148 ad-

297 2175 461 2222 notatss):
512 2178 596 2222 „Da
633 2176 703 2215 der
743 2176 938 2215 Scholiast
976 2177 1044 2215 des
1083 2177 1368 2226 Aristophanes
1406 2177 1486 2216 und
1523 2178 1662 2217 Suidas
1702 2190 1776 2215 von

294 2243 589 2292 Kleinigkeiten
614 2244 836 2293 abgesehen
869 2243 996 2291 (wozu
1018 2244 1118 2282 auch
1142 2246 1164 2282 5
1187 2244 1251 2282 fiir
1276 2247 1324 2282 15
1349 2243 1508 2294 gehort)
1541 2258 1640 2294 ganz
1663 2247 1776 2283 wort-

295 2311 370 2347 lich
393 2310 712 2359 ubereinstimmt,
745 2310 812 2358 (ist
842 2312 912 2349 der
934 2312 1135 2350 Wortlaut
1165 2311 1234 2350 des
1257 2312 1438 2361 Ephoros
1469 2312 1590 2361 grade
1621 2325 1670 2350 an
1699 2312 1776 2350 die-

299 2389 361 2414 ser
393 2378 510 2416 Stelle
547 2378 807 2416 vollkommen
841 2377 1061 2425 constatirt)
1098 2378 1178 2415 und
1216 2378 1314 2416 doch
1352 2379 1401 2416 ist
1431 2379 1492 2417 bei
1524 2378 1664 2417 Suidas
1695 2379 1779 2416 hier

296 2445 403 2481 nicht
434 2447 545 2493 etwa,
584 2446 657 2482 wie
688 2449 799 2483 sonst
830 2445 959 2491 ofters,
991 2446 1108 2495 Jener
1139 2445 1334 2483 Scholiast
1369 2446 1688 2494 abgeschrieben,
1730 2445 1778 2483 da

295 2512 357 2548 bei
389 2511 465 2548 ihm
498 2512 566 2549 das
599 2513 809 2560 Fragment
840 2513 908 2550 des
940 2513 1120 2562 Ephoros
1157 2513 1257 2550 noch
1288 2513 1424 2551 weiter
1460 2512 1623 2559 reicht“‚
1663 2513 1776 2550 immo

297 2581 580 2626 postremorum
613 2580 822 2617 verborum
855 2581 1018 2618 mutatio
1057 2582 1124 2617 aut
1161 2579 1303 2617 Suidae
1341 2579 1506 2618 debetur
1541 2582 1608 2618 aut
1645 2591 1777 2618 recen-

297 2646 391 2683 sioni
430 2645 462 2681 θ
505 2645 569 2691 (cf.
604 2645 831 2692 Zacherus)7
874 2659 1039 2696 qnorum
1083 2649 1249 2695 uterque
1290 2658 1338 2684 ex
1379 2646 1516 2685 eodem
1558 2647 1775 2695 archetypo

411 2755 438 2792 ⁵)
471 2750 526 2786 Cf.
552 2752 742 2794 Zaeherus‚
769 2753 789 2787 l.
810 2763 838 2787 a.
865 2765 898 2797 p.
918 2757 981 2787 650
996 2763 1073 2797 sqq.
1102 2755 1181 2787 692.

411 2810 439 2851 ὓ)
473 2806 526 2842 Cf.
554 2808 627 2841 Das
653 2808 899 2842 Perikleischc
926 2808 1110 2849 Zeitalter‚
1135 2807 1343 2850 Jena1877‚
1370 2808 1401 2842 Π
1428 2820 1459 2852 p.
1480 2812 1554 2843 254.
