1815 3231
1462 175 1539 208 :215

171 284 320 321 Deinde
362 285 436 321 huc
476 286 645 332 pertinet
683 285 802 321 schol.
836 286 932 333 Equ.
961 289 1040 323 886
1079 285 1141 331 (cl'.
1174 285 1278 321 Suid.
1309 276 1467 325 ‹iverat›
1508 288 1541 319 vt

59 353 157 401 Equ.
184 355 300 402 1044,
332 352 394 389 ubi
428 352 474 390 de
497 353 657 390 oraculo
687 355 777 389 ante
801 353 989 401 proelium
1014 353 1263 391 Salaminium
1295 353 1386 389 dato
1419 364 1543 389 sermo

58 418 109 456 fit.
169 419 382 469 Adseripta
415 423 505 456 sunt
536 419 583 456 ad
618 420 714 467 Equ.
738 422 817 457 >4845
850 421 997 457 scholia
1028 420 1121 457 duo:
1157 421 1166 456 l
1204 421 1224 456 Ι.
1250 423 1372 457 1—‹31
1406 449 1412 455 .
1444 449 1450 455 .
1484 449 1490 455 .
1521 410 1544 452 ο

61 484 355 537 ζ’)ι-ιιιιστοκλῆῇ1
387 484 630 537 σαφηνίσας
655 477 900 537 ίῗίθηναὶοις
931 478 1010 523 τοι*
1043 483 1237 523 ‹lov-dvm
1267 477 1486 537 χρησμόν·

222 559 362 603 τεῖχος
398 554 642 604 Ίριτογενιι·
672 547 852 602 ςξύλινον
884 551 1000 591 διδοῖ
1029 545 1230 604 ιῦρύοπα
1262 548 1377 591 Zmin:

59 613 208 659 ἄλλων
244 616 324 672 γαρ
366 614 478 659 ἄλλα
516 615 741 672 λεγόντοιν
778 621 1076 671 Θεμιστοκλῆς
1119 617 1199 672 ἴση
1240 616 1317 667 τας
1356 615 1545 672 τριήρι-ις

61 686 202 739 λέγειν
234 682 416 738 ξύλινον
446 693 599 739 τεῖχος,
631 690 668 726 11
702 690 724 726 1.
748 692 856 728 6-9
891 690 952 726 ubi
989 690 1069 727 sero
1100 690 1199 727 idem
1234 692 1396 727 affertur
1428 694 1546 738 atque

59 758 96 796 in
129 758 253 796 schol.
276 759 374 807 Equ.
398 761 491 797 814.
552 758 703 795 Deinde
736 758 857 795 schol.
883 759 977 806 quu.
1004 760 1126 796 1040:
1159 745 1289 802 οὗτος
1312 750 1334 792 ο
1355 751 1545 808 χρησμο-Ι

61 818 271 870 ἐπιόντος
296 823 379 862 τοῦ
412 818 636 875 βαρβάρου
669 818 818 875 ἐδόθη.
872 815 1165 874 ἀγνοούντων
1203 821 1246 861 δὲ
1287 815 1435 861 αὐτῶν
1474 822 1543 861 καὶ

59 889 348 944 βουλομένων
377 890 544 943 ξυλίνῳ
580 889 758 942 τειχίσαι
797 886 879 942 τὴν
909 884 1046 929 πόλιν
1088 889 1215 942 alys!
1249 891 1547 942 1-Ιι-μιστοκλῆι·

61 951 84 997 ὃ
116 954 362 1012 στρατηγὸς
394 954 553 1011 νοήσας
583 954 663 998 τὸν
692 953 898 1011 χρησμόν,
936 953 1026 997 ιῖπι
1060 964 1201 1009 τεῖχος
1232 954 1308 1005 τας
1342 959 1452 1005 ναῦς
1486 957 1548 996 2³?-

62 1038 172 1079 γαν·
207 1023 295 1067 ἔστι
328 1026 374 1067 δὲ
406 1018 429 1066 ὃ
457 1023 667 1081 χρησμός·
700 1029 808 1074 κτλ,
841 1029 945 1078 quod
980 1042 1065 1066 euin
1100 1030 1242 1067 maiore
1272 1043 1290 1067 o
1319 1034 1429 1078 parte
1462 1042 1547 1066 eum

62 1098 181 1136 schol.
214 1099 310 1148 Equ.
340 1101 420 1138 886
453 1099 682 1147 consentiat,
718 1098 795 1135 alia
826 1110 950 1146 pauca
988 1099 1114 1146 affert,
1152 1110 1252 1146 quae
1290 1098 1339 1135 ibi
1377 1110 1453 1135 non
1486 1110 1548 1134 ‹ex-

65 1169 181 1215 stant,
213 1173 255 1204 ut
287 1169 497 1216 utrumque
529 1166 577 1203 ad
602 1169 770 1204 veterem
796 1165 978 1203 videatur
1010 1166 1330 1202 commentarium
1364 1164 1549 1202 recedere

63 1234 112 1272 ad
145 1235 244 1284 Equ.
270 1237 376 1274 1040
408 1247 488 1272 rem
522 1234 655 1283 paullo
679 1233 836 1271 uberius
868 1233 1140 1282 explicantem.
1203 1234 1281 1270 Iam
1316 1232 1418 1270 unde
1452 1233 1549 1270 haee

64 1305 219 1352 sumpta
241 1304 359 1340 sunt?
410 1302 636 1340 Herodotus
668 1302 804 1350 plures
833 1314 854 1337 a
877 1301 1025 1338 scholio
1057 1300 1172 1338 habet
1204 1299 1551 1348 dissimilitudines,

64 1382 181 1418 quam
214 1374 256 1408 ut
295 1373 508 1420 usurpatus
539 1381 625 1408 esse
663 1369 793 1417 possit.
855 1368 971 1417 Apud
1004 1381 1119 1417 quem
1154 1368 1335 1413 V11,141
1372 1367 1470 1404 duae
1504 1367 1551 1404 de

65 1438 224 1476 oraculo
257 1437 513 1487 proferuntur
543 1437 774 1483 sententiae,
807 1449 884 1474 una
915 1433 1006 1473 τῶν
1032 1428 1365 1485 χρησμολόγων,
1399 1435 1463 1484 qui
1497 1436 1551 1471 in-

66 1506 199 1555 tellegi
230 1499 311 1543 τὸν
332 1498 536 1556 φραγμόν
569 1505 670 1543 arcis
693 1507 844 1553 putant,
875 1504 1002 1541 altera
1024 1516 1155 1541 eorum
1182 1504 1247 1552 qui
1272 1515 1392 1540 naves
1415 1506 1553 1551 putant

67 1585 152 1611 esse
184 1586 334 1611 murum
368 1574 554 1623 ligneum,
593 1573 735 1622 quibus
775 1584 859 1609 cum
892 1571 944 1609 illi
975 1574 1179 1621 opponant
1217 1571 1363 1608 oraculi
1396 1582 1551 1608 vorsum

67 1645 305 1690 postremum
339 1632 375 1677 ὢ
403 1637 503 1690 θείη
536 1636 736 1690 Σαλαμίς
768 1638 883 1685 κτλ,
925 1652 1002 1688 quo
1036 1651 1121 1676 cum
1154 1638 1417 1676 Athenienses
1448 1637 1553 1687 apud

68 1708 264 1746 Salamina
302 1708 454 1746 cladem
496 1711 727 1757 accepturos
759 1719 845 1745 esse
883 1705 1058 1755 patefieri
1101 1707 1342 1743 arbitrentur
1380 1706 1554 1754 ineptum

70 1789 155 1815 esse
187 1777 234 1814 de
266 1777 434 1814 navibus
467 1777 655 1825 cogitare,
685 1775 972 1813 Themistocles
1012 1775 1048 1811 in
1082 1774 1280 1822 publicum
1323 1784 1560 1822 progressus

69 1846 283 1884 assentitur
314 1848 478 1895 propter
500 1846 622 1894 ipsam
647 1844 752 1881 illam
776 1855 911 1881 vocem
937 1838 1053 1892 θείη
1087 1840 1126 1888 (i.
1155 1854 1189 1879 e.
1222 1840 1341 1888 diva),
1373 1853 1450 1890 qua
1481 1854 1557 1878 non

70 1914 333 1952 Athenienses
377 1912 444 1950 sed
483 1912 672 1950 barbaros
717 1910 828 1948 clade
871 1911 1054 1947 affectum
1093 1910 1137 1946 iri
1182 1909 1386 1958 probetur.
1444 1908 1562 1945 Vides

71 1982 190 2030 igitur
221 1981 339 2019 totius
370 1979 609 2018 narrationis
643 1990 799 2016 sensum
833 1977 930 2015 adeo
963 1988 1048 2015 esse
1081 1979 1375 2025 commutatum,
1418 1979 1458 2013 ut
1490 1976 1561 2013 hae

73 2049 306 2086 mutationes
348 2061 371 2086 a
412 2047 622 2085 scholiasta
665 2049 732 2084 aut
773 2045 1024 2094 grammatico
1068 2048 1177 2081 ortae
1220 2055 1304 2081 esse
1348 2047 1562 2092 nequeant,

72 2117 186 2154 immo
219 2116 334 2153 alium
364 2114 511 2153 fontem
544 2113 757 2152 adhibitum
781 2125 866 2151 esse
899 2115 938 2149 et
969 2124 1054 2149 eum
1079 2111 1236 2160 quidem
1270 2111 1336 2160 qui
1370 2110 1561 2148 Herodoti

74 2184 336 2222 narrationem
357 2182 629 2232 simpliciorem
648 2180 865 2219 reddiderit
887 2180 1052 2217 eluceat.
1094 2178 1217 2225 Quem
1242 2190 1326 2216 esse
1349 2178 1563 2226 Ephorum,

75 2251 142 2301 qni
179 2251 378 2289 historiam
417 2251 534 2288 huius
570 2248 757 2298 temporis
795 2248 832 2285 in
872 2247 1096 2285 universum
1136 2245 1339 2284 Herodoto
1377 2244 1566 2302 debetffi)⁷

76 2331 146 2368 per
167 2331 207 2356 se
238 2318 440 2367 probabile
471 2317 524 2363 fit,
557 2329 643 2354 eum
676 2319 792 2354 antea
824 2314 987 2352 eundem
1022 2315 1059 2351 in
1089 2314 1148 2351 his
1175 2313 1291 2351 rebus
1323 2313 1444 2362 gestis
1477 2325 1564 2350 nar-

76 2386 210 2424 randis
249 2385 452 2424 videamus
490 2384 715 2422 adhibitum.
779 2381 839 2419 Ad
879 2380 1045 2419 eundem
1086 2380 1338 2429 pervenimus
1378 2380 1455 2416 alia
1492 2379 1564 2416 via.

78 2453 183 2491 Idem
217 2453 319 2491 enim
352 2455 479 2491 exstat
510 2451 615 2501 apud
646 2449 900 2488 Plutarchum
924 2449 990 2485 vit.
1011 2447 1200 2485 Themist.
1228 2459 1312 2496 cap.
1338 2450 1404 2485 10:
1438 2477 1443 2482 .
1473 2442 1565 2482 ,λέ-

76 2532 168 2570 γων
199 2517 336 2571 μηδὲν
368 2511 480 2557 ἄλλο
513 2515 758 2570 δηλοῦσθαι
793 2509 975 2564 ξύλινον
996 2518 1136 2564 τεῖχος
1157 2505 1183 2563 ἢ
1207 2507 1283 2558 τὰς
1308 2511 1426 2558 ναῦς,
1460 2513 1563 2562 apud

78 2589 320 2636 Polyaenum
353 2588 382 2636 Ι,
410 2590 474 2637 30,
505 2590 539 2636 1,
576 2587 643 2635 qui
679 2585 740 2623 vel
771 2583 953 2634 proprius
989 2582 1037 2619 ad
1077 2582 1269 2620 scholium
1307 2581 1457 2618 accedit
1494 2582 1566 2618 nisi

83 2654 189 2705 quod
221 2654 365 2693 rectius
397 2666 469 2703 pro
490 2647 626 2691 πόλιν
656 2653 801 2701 legitur
836 2640 1098 2699 ἀκρόπολινε
1130 2644 1170 2685 οἱ
1192 2644 1271 2698 μὲν
1293 2639 1422 2685 ἄλλοι,
1445 2638 1565 2698 Ἀθη-

195 2752 238 2793 16>
271 2750 375 2791 Quod
393 2753 532 2791 praeter
550 2749 639 2783 alios
660 2747 829 2791 probavit
848 2746 1025 2783 Bauer-us,
1050 2745 1181 2778 Jhrhb.
1201 2744 1223 2778 f.
1242 2743 1370 2778 Philol.
1394 2743 1519 2786 Suppl.
1535 2742 1567 2775 X

80 2818 113 2850 p.
134 2809 194 2841 281
210 2815 290 2849 sqq.
318 2809 354 2838 et
379 2804 640 2838 Themistocles
666 2815 699 2847 p.
719 2805 760 2836 96
776 2811 855 2845 sqq.

1298 2855 1359 2888 21*
