1830 3201
321 224 343 259 3
349 222 401 258 80

321 332 415 369 nihil
436 329 634 378 exposuit,
665 327 857 376 Ephorus,
888 327 919 363 si
951 326 1106 363 omnino
1139 325 1187 362 de
1209 324 1330 362 altero
1354 323 1509 361 decreto
1541 323 1697 359 locutus
1723 323 1796 368 est,

320 399 439 436 verba
471 399 553 435 eius
595 398 700 433 certo
740 406 815 431 non
856 393 998 431 attulit.
1058 393 1138 430 Iam
1168 391 1422 430 Plutarchum
1461 391 1534 427 hoc
1571 389 1796 438 psephisma

322 469 363 503 nt
394 465 469 503 alia
499 464 615 501 huius
647 462 784 512 capitis
816 474 836 498 c
867 461 1038 499 Crateris
1069 456 1300 510 συναγωγῇ
1337 458 1513 496 hausisse
1554 456 1724 495 Cobetus
1761 458 1798 493 et

322 532 515 571 Krechius
546 544 580 580 p.
606 533 655 569 76
687 529 966 578 probaverunt,
998 527 1226 571 Schoellius‚
1259 527 1281 563 l.
1304 538 1338 563 a.
1367 539 1401 575 p.
1424 528 1474 564 32
1508 524 1594 562 adn.
1619 527 1654 573 1,
1675 520 1797 568 alii¹¹)

321 603 575 649 acceperunt,
608 597 807 636 decretum
839 599 966 634 autem
999 596 1037 633 in
1066 595 1225 633 scholiis
1256 594 1412 631 allatum
1445 604 1521 630 non
1554 591 1677 629 solum
1710 602 1796 627 cum

322 667 558 706 Plutarcheo
582 666 647 704 illo
671 665 751 703 fere
774 664 980 712 consentit,
1011 662 1078 700 sed
1102 663 1214 700 etiam
1247 673 1463 699 sermonem
1493 659 1649 697 exhibet
1681 657 1797 696 docu-

322 735 461 773 mentis
484 733 688 783 proprium
713 731 775 779 (cf.
797 731 886 768 adn.
906 733 966 769 10.
991 727 1069 777 11),
1092 732 1134 767 ut
1156 741 1241 766 cum
1265 728 1348 765 aliis
1371 738 1528 776 quoque
1551 726 1645 763 locis
1667 725 1798 763 Orate-

322 815 404 840 run]
423 801 634 839 viderimus
655 813 677 837 a
693 799 947 849 grammatico
970 810 1055 835 esse
1078 800 1307 846 usurpatum
1331 794 1511 844 equidem
1531 806 1607 831 non
1627 792 1798 830 dubitem

323 871 416 920 quin
449 870 545 907 haec
577 867 727 905 scholia
758 879 778 904 e
809 867 956 905 Crateri
988 860 1219 915 συναγωγῇ
1251 876 1273 901 a
1295 862 1463 911 Didymo
1497 862 1637 899 hausta
1656 861 1733 898 sint
1763 861 1801 896 et

324 938 458 975 melius
491 935 738 974 servaverint
768 933 890 971 verba
921 945 1034 982 quam
1068 931 1318 970 Plutarchus.

436 1016 513 1053 Iam
546 1016 752 1063 praeterea
784 1015 940 1050 exstant
971 1011 1128 1049 decreta
1165 1008 1356 1048 nonnulla
1393 1007 1441 1044 ad
1473 1006 1673 1044 historiam
1705 1005 1802 1042 litte-

324 1096 454 1122 rarum
487 1081 735 1132 pertinentia,
766 1092 867 1129 quae
891 1091 976 1117 cum
999 1079 1243 1128 publicarum
1266 1075 1485 1113 tabularum
1509 1073 1638 1111 omnia
1659 1083 1803 1121 genera

325 1152 526 1189 Craterum
564 1149 662 1187 libro
700 1160 770 1186 suo
808 1147 1052 1196 complexum
1091 1157 1176 1183 esse
1207 1143 1402 1182 Krecliius
1433 1141 1671 1192 probaverit,
1701 1139 1803 1177 solas

326 1219 500 1268 privatas
522 1218 703 1256 exclusas
725 1215 854 1262 fnisse,
887 1227 955 1264 per
978 1226 1018 1251 se
1044 1213 1091 1250 ab
1114 1213 1197 1250 eius
1219 1210 1450 1250 collectione
1478 1221 1554 1247 non
1578 1208 1803 1246 abhorrent.

446 1297 484 1344 1)
516 1297 644 1337 Schol.
665 1296 761 1334 Ach.
785 1298 834 1334 67
869 1298 906 1332 et
929 1294 1024 1331 Ach.
1049 1295 1170 1337 1150;
1204 1291 1272 1330 sed
1295 1294 1338 1328 ut
1359 1290 1506 1328 scholio
1528 1288 1646 1337 priori
1670 1287 1805 1336 utique

330 1366 427 1405 fides
459 1368 517 1403 est
546 1364 738 1411 habenda,
770 1364 821 1399 ita
844 1361 1064 1400 Antimachi
1086 1359 1181 1398 illud
1206 1359 1420 1405 decretum,
1451 1356 1499 1394 de
1521 1368 1599 1405 quo
1627 1354 1748 1392 schol.
1769 1354 1803 1390 11

330 1434 425 1472 Ach.
441 1435 547 1471 1150
565 1432 705 1481 agitur,
722 1430 853 1468 fictum
870 1441 953 1467 esse
969 1431 1108 1478 poetae
1124 1439 1261 1464 versus
1280 1423 1533 1474 explicandae
1552 1434 1670 1460 causa
1683 1421 1806 1460 Cobe-

327 1507 389 1539 tns
412 1504 451 1538 ct
468 1500 673 1538 Luebkius
688 1497 734 1543 12)
757 1497 902 1535 affatim
921 1496 1189 1545 probaverunt
1207 1497 1243 1531 ct
1260 1495 1396 1530 contra
1413 1492 1510 1528 alios
1533 1488 1808 1535 defenderunt,

329 1573 369 1606 nt
391 1567 572 1617 equidem
606 1578 653 1604 ne
675 1569 764 1603 acta
788 1578 913 1613 agam,
946 1564 1042 1601 haec
1065 1563 1180 1600 nolim
1204 1560 1425 1598 accuratius
1447 1560 1629 1596 tractare.
1688 1557 1806 1593 Immo

328 1637 421 1674 nihil
461 1634 565 1673 aliud
604 1633 788 1683 cognovit
825 1631 1017 1681 Didymus
1055 1630 1120 1677 (cf.
1151 1642 1187 1678 p.
1217 1627 1312 1673 227)
1351 1627 1421 1665 nisi
1459 1625 1645 1663 archonte
1677 1625 1805 1672 Mory-

329 1703 441 1740 cliide
473 1702 591 1739 latum
616 1713 699 1738 esse
723 1700 920 1738 decretum
944 1695 1023 1735 τοῦ
1045 1690 1101 1749 μὴ
1122 1692 1363 1746 κωμωὸεῖν,
1400 1693 1505 1742 quod
1538 1703 1623 1729 cnm
1656 1690 1809 1727 dnobus

330 1771 441 1808 annis
473 1769 661 1818 viguisset
692 1768 860 1805 solutum
894 1770 952 1804 est
983 1764 1168 1803 archonte
1202 1763 1460 1810 Eutliymene.

445 1849 484 1893 2)
516 1849 603 1886 Non
627 1847 739 1884 aliter
760 1844 1009 1883 iudicandum
1033 1846 1091 1880 est
1113 1842 1161 1879 de
1183 1841 1302 1879 schol.
1325 1841 1442 1888 Vesp.
1466 1839 1569 1876 1291
1601 1837 1622 1874 l.
1645 1837 1807 1875 20-23

331 1912 577 1967 ἐψηφίσατο
608 1908 689 1964 γὰρ
722 1902 744 1949 ὃ
778 1908 932 1950 Κλέων
962 1905 1113 1961 μηκέτι
1145 1906 1238 1946 δεῖν
1267 1902 1501 1956 κωμῳδίας
1532 1899 1605 1941 ἐπὶ
1625 1901 1690 1953 τῷ
1710 1895 1809 1939 θεά-

329 1996 420 2033 τρῳ
452 1974 710 2032 εἰςαγεσθαι,
744 1972 809 2017 ὅτι
844 1971 895 2029 δὴ
919 1975 1059 2027 ξένων
1087 1969 1326 2025 ,παρόντων
1356 1969 1543 2016 πολίτας
1566 1965 1809 2014 ἔσκωπτον,

332 2052 435 2100 qnod
469 2063 545 2087 non
576 2050 702 2086 minus
734 2047 975 2097 grammatici
1000 2042 1213 2083 inventioni
1236 2043 1367 2079 deberi
1401 2041 1515 2078 iidem
1540 2041 1830 2087 cognoverunt¹

333 2118 502 2156 Cobetns
535 2120 572 2154 et
601 2115 812 2153 Luebkius.
1828 2116 1830 2176 1

445 2196 484 2239 3)
527 2195 652 2233 Schol.
674 2194 776 2232 Nub.
799 2196 848 2230 31
880 2181 1075 2241 Ἀμυνίας
1095 2187 1187 2225 τῶν
1207 2183 1306 2236 περὶ
1330 2182 1493 2229 ἵππους
1515 2176 1809 2220 ἐπταικότων·
1828 2190 1830 2216 ι

331 2259 541 2312 μέμνηται
574 2258 619 2298 δὲ
651 2250 791 2297 αὐτοῦ
834 2255 907 2295 καὶ
945 2253 991 2295 ἐν
1022 2260 1114 2301 τοῖς
1145 2250 1289 2303 Σφηξί
1325 2251 1479 2299 (1267).
1530 2248 1614 2287 νῦν
1645 2245 1690 2286 δὲ
1728 2227 1830 2298 οὕκῐ

334 2325 504 2366 ἐκείνου
547 2321 841 2375 καθάψασθαι
880 2317 1149 2373 βουλόμενος
1190 2313 1452 2371 μνημονεύει
1495 2307 1656 2361 αὐτοῦ,
1700 2307 1830 2364 cilicis

337 2390 415 2433 τὸν
438 2388 537 2433 τότε
560 2387 752 2444 ἄρχοντα
775 2386 995 2442 διασύρειν
1015 2382 1366 2440 προαιρούμενος
1388 2384 1441 2435 τῇ
1460 2381 1631 2422 ἐκείνου
1652 2390 1830 2445 προσηη

337 2545 444 2588 §imm
465 2543 577 2588 αὖτὸς
590 2545 652 2581 καὶ
671 2543 717 2580 τὰ
732 2542 847 2580 afim&
865 2542 998 2579 πάντα.
1029 2541 1084 2577 Cf.
1099 2542 1302 2582 Platnerns,
1317 2539 1391 2572 Der
1405 2538 1558 2572 Process
1574 2546 1606 2570 u.
1622 2535 1655 2570 d.
1672 2535 1830 2592 Klagen]

337 2605 396 2637 bei
423 2604 491 2637 den
521 2603 705 2637 Attikern.
746 2602 872 2635 Erster
897 2600 1022 2633 Theil:
1047 2600 1214 2632 Process.
1255 2596 1413 2629 Darmst.
1434 2595 1529 2634 1824,
1554 2602 1588 2635 p.
1608 2594 1683 2625 266.
1701 2593 1752 2624 67.
1828 2597 1830 2612 ¹

451 2660 492 2702 ¹¹)
520 2657 575 2692 Cf.
593 2659 765 2699 Cobetns,
783 2657 934 2691 Observ.
948 2655 1060 2688 critic.
1074 2654 1112 2686 in
1126 2651 1290 2687 Platonis
1304 2660 1391 2683 com.
1407 2647 1592 2691 reliquias,
1611 2644 1812 2681 Amstelod.

341 2718 423 2748 1840
450 2725 483 2757 p.
503 2719 634 2757 §lsqqq
667 2712 867 2754 Luehkins,
893 2711 1043 2744 Observ.
1062 2708 1176 2742 critic.
1200 2707 1236 2740 in
1265 2705 1347 2739 hist.
1366 2708 1477 2737 veter.
1500 2712 1617 2745 graec.
1643 2700 1829 2741 comoed„

341 2770 457 2803 Berol.
480 2773 561 2803 1533
588 2780 621 2812 p.
639 2772 658 2802 9
673 2778 751 2811 sqq.
1823 2737 1828 2876 ll

455 2827 493 2863 ¹2)
528 2822 581 2858 cf.
608 2824 679 2867 ille,
704 2824 725 2856 1.
743 2833 771 2857 a.
799 2833 833 2865 p.
851 2825 904 2864 29,
931 2821 998 2859 hic,
1024 2821 1047 2854 1.
1064 2830 1095 2853 a.
1123 2829 1155 2862 p.
1178 2821 1226 2851 15.
