1830 3201
286 187 336 221 72

286 295 358 333 bus
380 294 472 332 nihil
494 293 542 332 de
564 307 699 344 pugna
719 297 786 333 aut
809 294 1038 334 fortitudine
1059 295 1308 334 Achaeorum
1338 296 1490 334 dicitur.
1539 298 1683 334 Versus
1704 298 1755 335 47

286 361 457 411 demum,
495 362 561 411 qui
604 362 780 400 versibus
812 365 862 400 41
901 366 939 400 et
971 365 1023 401 42
1065 363 1289 413 opponitur,
1332 363 1453 402 refert
1492 363 1585 402 deos
1624 375 1758 422 super·

287 429 488 467 venientes
518 441 689 478 pugnam
721 429 955 467 incendisse.

398 520 455 554 II·
500 520 776 558 Transitive
808 521 971 558 verbum
1004 520 1148 569 legitur
1179 515 1286 561 573
1321 509 1387 556 ὅτι
1414 512 1519 564 τούς
1544 515 1623 569 μὲν
1645 504 1760 570 ὁμῶς

285 579 521 637 μακάρεσσι
552 587 694 625 θεοῖσι
725 583 728 637 Ι
756 580 932 625 κυδάνει
965 587 1100 625 eadem
1133 587 1290 625 notione
1320 599 1399 635 qua
1428 583 1636 624 κυόαίυο).

517 784 560 826 G.
599 784 649 825 Ad
678 784 892 826 extremum
921 786 1276 828 commemorentur
1305 786 1380 829 duo
1406 786 1541 838 verba,

448 874 608 917 quorum
641 864 783 916 duplex
814 864 920 907 notio
952 874 1000 905 ex
1032 865 1173 907 natura
1204 865 1318 907 medii
1352 864 1606 918 intellegitur:

662 942 953 995 διαείδομαι
985 944 1024 986 et
1055 942 1387 998 ἐςαγεὶρομαι.

835 1043 873 1085 1.
917 1045 1219 1099 ὁιαείδομαι.

402 1140 584 1178 Activum
619 1135 794 1176 dzaeid'co
831 1151 956 1188 aeque
994 1143 1113 1189 atque
1143 1141 1302 1189 simplex
1336 1135 1438 1177 εἴδω
1476 1153 1686 1190 numquam
1724 1140 1762 1177 in

291 1208 553 1247 monumentis
580 1207 739 1255 linguae
762 1207 934 1245 Graecae
967 1207 1152 1245 traditum
1177 1211 1245 1246 est.
1305 1209 1356 1246 Ut
1385 1209 1421 1245 in
1446 1208 1581 1257 lingua
1602 1208 1764 1256 Graeca,

290 1278 343 1314 ita
373 1276 411 1314 in
443 1275 575 1323 lingua
606 1273 840 1312 Sanscritica
876 1275 1065 1313 nonnulla
1094 1275 1350 1313 inveniuntur
1382 1275 1513 1325 verba,
1549 1287 1651 1324 quae
1681 1277 1763 1313 tan-

291 1348 370 1382 tum
418 1343 580 1380 formam
624 1341 736 1379 medii
784 1342 963 1380 habeant.
1032 1342 1110 1381 Gur
1149 1343 1234 1391 ipsa
1274 1343 1371 1381 haec
1408 1343 1527 1381 verba
1571 1342 1646 1380 hoc
1687 1355 1763 1380 uno

291 1423 437 1461 genere
476 1412 651 1455 utantur,
698 1409 803 1447 haud
843 1411 895 1447 ita
936 1409 1047 1447 facile
1093 1410 1169 1448 dici
1212 1413 1352 1459 potest.
1420 1410 1532 1449 Certe
1573 1410 1764 1448 sermonis

292 1477 534 1517 consuetudo
571 1476 809 1526 quandoque
840 1477 1009 1515 medium
1047 1477 1145 1515 adeo
1183 1478 1416 1527 anteposuit,
1451 1480 1494 1515 ut
1524 1477 1693 1515 activum
1725 1478 1765 1514 in

291 1559 401 1586 usum
433 1548 500 1584 aut
532 1557 743 1594 numquam
775 1545 1019 1594 reciperetur
1055 1548 1133 1590 aut,
1170 1545 1320 1583 etiamsi
1350 1545 1388 1582 in
1421 1557 1532 1583 usum
1564 1547 1763 1594 receptum

290 1617 360 1661 est,
390 1616 517 1651 tamen
549 1623 638 1649 raro
669 1611 922 1649 adhiberetur
952 1615 1069 1660 atque
1100 1614 1237 1661 postea
1268 1612 1522 1650 exolesceret.

403 1691 636 1742 Principalis
657 1691 715 1728 vis
737 1690 890 1737 radicis,
920 1691 968 1728 ad
992 1704 1106 1741 quam
1139 1692 1363 1741 propinqua
1385 1691 1505 1729 verba
1532 1692 1568 1729 in
1592 1692 1765 1741 quinque

293 1761 435 1810 linguis
463 1759 799 1809 Indogermanicis
831 1760 1041 1809 pertinent,
1071 1762 1130 1797 est
1165 1759 1322 1806 „videre
1354 1758 1503 1809 aliquid
1535 1759 1600 1808 ita,
1631 1762 1674 1797 ut
1704 1772 1765 1798 co-

291 1913 374 1946 app.
399 1900 487 1936 fasc.
506 1900 575 1933 VII
603 1900 726 1935 Iliadis
758 1911 791 1944 p.
811 1904 864 1935 45.
912 1900 1070 1935 Primum
1098 1900 1191 1934 enim
1227 1896 1411 1935 ἐκύδανον
1442 1910 1514 1934 non
1546 1899 1656 1935 habet
1688 1910 1765 1935 eam

291 1959 487 2001 notionem,
513 1967 619 2001 quam
645 1957 860 1990 Kammerus
882 1957 913 1991 ei
931 1957 1069 1999 tribuit,
1095 1956 1239 1999 deinde,
1266 1956 1296 1990 si
1314 1967 1442 1991 versus
1460 1959 1590 1991 41—43
1610 1956 1765 1991 eiceren-

292 2020 361 2058 tur,
386 2018 582 2057 sequentes
608 2023 736 2047 versus
763 2015 905 2055 44—46,
937 2013 999 2056 qui
1023 2012 1200 2047 Troianos
1225 2011 1403 2047 Achillem
1430 2013 1700 2056 conspicientes
1726 2013 1767 2047 ti-

291 2081 391 2105 more
415 2080 497 2105 esse
514 2070 666 2104 affectos
692 2073 850 2112 narrant,
876 2069 1075 2103 narrationi
1092 2068 1325 2113 praecedenti
1344 2072 1381 2103 et
1397 2069 1647 2112 subsequenti,
1673 2079 1767 2113 quae

292 2135 347 2162 est
364 2127 410 2161 de
428 2126 517 2169 deis,
542 2126 634 2160 male
651 2125 901 2160 convenirent.
950 2127 1120 2161 Ceterum
1139 2125 1302 2160 concedo
1328 2135 1457 2160 versus
1474 2129 1616 2169 41—42,
1643 2127 1766 2160 etiam-

292 2184 321 2217 si
349 2179 533 2217 ἐκύδανυν
557 2181 663 2216 aliter
679 2186 794 2225 verto,
820 2185 941 2216 tamen
966 2193 1036 2216 non
1055 2185 1139 2226 apte
1156 2181 1325 2215 versibus
1344 2184 1474 2216 47——48
1500 2182 1648 2226 opponi,
1673 2192 1766 2226 quae

292 2239 513 2283 vituperatio
541 2239 577 2272 in
604 2238 749 2282 poetam
774 2238 893 2282 ipsum
920 2239 1029 2272 cadit.
1077 2238 1165 2272 Nam
1191 2236 1384 2272 manifesto
1410 2242 1655 2282 exspectares,
1685 2250 1766 2273 cum

293 2299 387 2330 v.·18
420 2295 642 2338 respondere
674 2298 841 2338 oporteat
865 2295 989 2329 versui
1008 2298 1048 2328 42
1080 2294 1147 2336 (illi
1179 2295 1274 2327 enim
1304 2303 1433 2328 versus
1464 2298 1551 2328 sunt
1582 2294 1651 2329 sibi
1681 2305 1765 2329 con-

293 2351 421 2395 trarii),
446 2351 483 2384 in
508 2362 541 2385 v.
561 2354 613 2394 48,
639 2355 680 2385 ut
705 2351 890 2395 oppositio
915 2355 1012 2386 recte
1030 2361 1068 2386 se
1094 2351 1234 2392 habeat,
1259 2350 1304 2385 de
1325 2349 1497 2395 Achaeis,
1521 2361 1593 2385 non
1619 2351 1663 2386 de
1689 2352 1767 2386 deis

293 2418 493 2443 sermonem
528 2417 619 2442 esse.
680 2407 852 2441 Fortasse
890 2408 1018 2452 igitur,
1057 2412 1099 2442 ut
1139 2407 1227 2442 haec
1266 2407 1420 2441 offensio
1456 2411 1697 2451 removeatur,
1735 2409 1766 2443 si

293 2465 439 2508 quidem
471 2473 599 2498 versus
633 2467 719 2497 sunt
751 2464 1004 2507 expungendi,
1037 2474 1106 2498 non
1140 2463 1257 2497 solum
1289 2473 1348 2497 vv.
1374 2466 1517 2506 41-43,
1557 2464 1624 2498 sed
1659 2465 1766 2499 etiam

295 2531 354 2554 vv.
378 2522 520 2554 44-46
553 2529 618 2562 pro
650 2519 820 2553 insiticiis
849 2522 936 2553 sunt
963 2519 1135 2562 habendi,
1168 2518 1253 2563 quia
1277 2519 1432 2553 actionis
1456 2520 1766 2555 continuationem

294 2576 446 2610 moleste
471 2576 752 2619 interrumpunt.
778 2574 1009 2610 Incommode
1033 2576 1084 2610 illi
1108 2575 1204 2610 inter
1225 2575 1463 2619 narrationes,
1493 2586 1587 2619 quae
1613 2579 1696 2611 sunt
1720 2576 1766 2611 de

295 2632 384 2674 deis,
408 2631 533 2666 inserti
565 2635 661 2665 sunt.
709 2630 745 2665 Si
772 2643 829 2666 vv.
849 2634 979 2666 41—-46
1005 2632 1168 2675 eicimus,
1196 2641 1326 2666 versus
1351 2634 1390 2665 47
1404 2641 1493 2675 sqq,
1523 2632 1585 2675 qui
1611 2631 1698 2666 deos
1727 2631 1765 2665 in

295 2692 478 2722 certamen
515 2687 752 2721 descendisse
788 2697 830 2721 ac
860 2698 1021 2731 pugnam
1052 2687 1257 2722 incendisse
1294 2691 1450 2730 narrant,
1486 2687 1674 2732 aptissime
1705 2697 1765 2722 ex-

295 2744 439 2787 cipiunt
463 2752 592 2777 versus
616 2746 758 2786 31-40,
792 2746 853 2787 qui
884 2744 972 2779 deos
1005 2743 1092 2778 Iove
1122 2746 1292 2778 monente
1323 2743 1359 2777 in
1390 2743 1654 2779 dimicationem
1685 2754 1766 2789 pro-

296 2798 413 2834 ficisci
438 2802 595 2834 narrant..
