1830 3201
305 203 384 238 390

305 311 388 336 esse
420 299 457 335 in
489 297 709 335 Polemonis
740 292 840 349 περὶ
871 293 948 347 τῆς
979 285 1320 343 Ἐρατοσθένους
1351 282 1583 344 ,Ἀθήνησιν
1613 283 1774 344 ἆποὸη-

304 362 459 415 μίαςῑθ)
496 364 653 413 negavit
682 350 974 411 Berhhardyus,
1013 363 1036 399 l.
1064 375 1096 399 a.
1128 374 1164 410 p.
1192 364 1228 410 5,
1265 361 1361 399 tales
1391 373 1455 398 res
1493 361 1540 398 ab
1573 361 1645 398 hoc
1675 361 1774 399 libro

307 433 420 482 plane
451 431 663 468 abhorrere
695 433 819 475 ratus:
851 429 917 467 sed
950 441 1034 466 cum
1066 428 1287 466 Polemonis
1310 427 1655 477 Olympionicarum
1684 436 1797 466 enu-'

307 499 556 537 merationem
595 497 789 546 quandam
827 509 903 534 non
943 493 1296 545 cognoscamus11),
1333 507 1499 544 eumque
1538 508 1615 533 non
1652 496 1776 533 solum

307 567 355 604 ad
387 566 650 615 geographica
680 564 951 603 Eratosthenis
974 575 1092 612 opera
1123 566 1322 612 spectasse
1349 565 1499 601 constet
1530 563 1776 601 Polemonem

308 647 394 672 cum
426 633 777 682 reprehendentem
792 630 851 678 12),
882 635 987 669 recte
1007 634 1101 681 puto
1134 631 1345 668 Prellerum
1372 630 1513 668 fecisse
1544 630 1650 680 quod
1680 631 1780 669 Inter

308 702 525 749 fragmenta
562 712 607 738 ex
642 701 714 738 hoe
745 699 966 738 Polemonis
999 699 1096 736 libro
1129 698 1266 736 hausta
1296 697 1334 735 id
1367 698 1626 736 enumeravit:
1676 698 1780 737 unde

311 768 500 817 Didymus
531 768 669 805 hausit.
728 766 802 804 Sed
836 767 908 804 hoc
944 767 1016 803 iam
1049 765 1210 814 videbis,
1247 765 1349 803 hunc
1383 765 1604 804 Polemonis
1639 766 1779 804 librum

311 837 347 873 in
379 835 535 873 scholiis
567 847 644 873 non
677 846 762 872 esse
794 837 1035 883 usurpatum,
1072 845 1157 870 cum
1197 836 1234 870 et
1265 833 1396 882 plures
1428 832 1629 871 videamus
1661 833 1780 882 olym-

311 904 484 953 pionicas
515 902 656 939 allatos
693 907 731 939 et
762 902 798 939 in
831 901 952 939 schol.
977 901 1091 949 Vesp.
1130 899 1274 937 diserte
1312 901 1527 949 expositum
1560 901 1609 938 sit
1640 900 1782 939 catalo-

310 983 399 1020 gum
423 970 612 1007 victorum
646 981 728 1006 esse
761 969 992 1006 consultum.
1051 967 1188 1005 Altera
1215 967 1393 1016 quaestio
1417 971 1483 1013 est,
1516 980 1606 1005 num
1637 967 1675 1005 in
1707 968 1783 1005 He-

311 1037 433 1086 sychii
468 1037 661 1074 mentione
700 1039 856 1085 praeter
886 1035 1134 1072 Polemonem
1175 1035 1455 1072 Eratosthenes
1493 1037 1705 1084 usurpatus
1737 1035 1785 1072 sit

311 1118 359 1142 an
393 1104 520 1142 omnia
552 1093 861 1153 Ἐρατοσθένης
898 1115 1020 1151 usque
1052 1102 1099 1139 ad
1129 1089 1158 1138 d
1195 1114 1241 1139 ex
1279 1102 1394 1139 unius
1426 1102 1647 1139 Polemonis
1685 1101 1784 1138 libro

315 1172 451 1208 hausta
473 1171 560 1216 sint,
592 1170 658 1219 qui
680 1170 894 1208 adversarii
916 1169 1146 1207 sententiam
1170 1169 1307 1215 attulit,
1337 1180 1443 1205 suam
1467 1168 1617 1206 adiecit.
1677 1168 1786 1215 Quae

314 1237 481 1275 discerni
515 1250 590 1274 non
622 1239 761 1286 potest,
792 1248 875 1273 cum
909 1236 1031 1273 altera
1053 1248 1100 1273 ex
1124 1239 1235 1284 parte
1266 1234 1455 1272 vocabulo
1484 1224 1786 1284 dvaypcioewss)

315 1306 464 1343 eluceat
494 1316 577 1341 eum
611 1304 675 1352 qui
707 1303 884 1341 attulerit
914 1303 1033 1341 verba
1063 1292 1376 1352 Ἐρατοσθένης
1407 1293 1477 1338 διὰ
1503 1299 1585 1338 τοῦ
1611 1290 1787 1349 {²13oeoe-

314 1368 451 1408 rima
492 1360 730 1420 ἀναγράφει
771 1373 966 1419 spectasse
1008 1370 1055 1407 ad
1095 1369 1365 1407 Eratosthenis
1403 1359 1786 1417 dammovixagfl)

315 1439 390 1477 Sed
422 1450 508 1475 eum
540 1450 559 1475 e
591 1438 714 1475 tribus
741 1437 815 1474 illis
838 1437 995 1475 scholiis
1019 1436 1315 1485 Aristophaneis
1346 1440 1535 1485 appareat
1565 1448 1587 1473 a
1618 1435 1787 1484 Didymo

319 1507 356 1543 in
388 1506 662 1543 commentario
701 1508 930 1554 usurpatum
969 1516 1054 1542 esse
1095 1504 1259 1541 alieuius
1295 1503 1645 1553 Olympionicarum
1688 1505 1789 1540 cata-

320 1574 459 1621 logum,
496 1584 662 1621 cumque
695 1584 742 1610 ex
774 1572 959 1621 Hesychii
992 1572 1075 1609 loco
1107 1571 1171 1609 illo
1207 1574 1339 1620 pateat
1374 1571 1422 1608 ab
1454 1570 1590 1608 eodem
1622 1569 1789 1620 Didymo

322 1642 358 1677 in
395 1641 519 1678 lexico
557 1639 702 1677 comico
742 1651 764 1676 a
801 1639 1080 1676 commentariis
1121 1638 1169 1675 ad
1206 1642 1355 1686 partem
1393 1638 1636 1686 dependente
1677 1649 1791 1686 posse
1829 1666 1830 1673 ,

323 1712 549 1756 usurpatum
588 1718 673 1744 esse
713 1706 982 1744 Eratosthenis
1018 1706 1254 1755 catalogum,
1290 1705 1382 1743 inde
1419 1705 1697 1743 concludemus
1734 1716 1791 1742 re·
1829 1705 1830 1750 ζ

427 1851 464 1889 ¹⁰)
495 1848 651 1893 Hesych.
678 1858 704 1882 s.
724 1858 755 1881 V.
776 1846 880 1892 βίηφι
914 1851 950 1881 et
975 1846 1086 1881 schol.
1106 1847 1178 1880 Av.
1200 1849 1235 1880 11
1265 1845 1343 1880 cod.
1362 1845 1395 1879 V
1420 1865 1461 1869 —
1486 1845 1524 1878 in
1546 1845 1579 1878 R
1609 1844 1667 1878 hie
1692 1844 1793 1878 locus
1829 1836 1830 1884 l

323 1905 426 1938 deest
450 1925 491 1928 Α
517 1899 715 1947 ἀποδημία,
741 1904 799 1937 alii
819 1904 897 1937 eod.
916 1903 1041 1937 scholii
1061 1899 1247 1947 ἐπιδημία,
1273 1902 1371 1945 quod
1397 1912 1416 1935 a
1434 1900 1672 1944 Bernhardyo
1698 1910 1793 1934 com-

324 1961 525 2003 prohatum,
555 1971 575 1993 a
602 1960 774 2001 Nauekio,
799 1960 927 1993 Philol.
948 1959 977 1991 V
1006 1971 1039 2002 p.
1058 1962 1132 1999 698,
1165 1958 1395 2002 repudiatum
1421 1962 1487 1991 est.
1536 1956 1673 1991 Sensus
1700 1956 1791 1990 enim

324 2018 514 2050 verborum
547 2017 639 2050 idem
672 2022 738 2059 est,
771 2022 812 2049 ut
844 2025 1060 2058 quamquam
1090 2016 1153 2048 Ion
1181 2024 1327 2057 quoque
1358 2013 1506 2056 scripsit
1530 2008 1794 2055 ,,ἐπιδημίας“,
1829 2010 1830 2049 ἶ

327 2074 491 2116 equidem
525 2083 604 2106 eum
639 2072 803 2106 Nauckio
836 2071 1009 2116 Hesyehii
1043 2076 1080 2105 et
1113 2070 1250 2104 codicis
1277 2069 1309 2103 V
1334 2069 1547 2103 auctoritate
1579 2068 1682 2102 nisus
1714 2078 1796 2102 eon·
1828 2060 1830 2097 ¹]

327 2130 486 2163 sentiam.
1695 2122 1698 2124 ’
1829 2114 1830 2169 J

431 2189 468 2226 ¹¹)
501 2187 604 2219 Errat
629 2185 839 2227 lii-anseius,
866 2184 1040 2219 Hellenie.
1060 2183 1107 2227 II,
1130 2187 1159 2216 1:
1190 2181 1356 2226 Olympia
1381 2191 1414 2223 p.
1432 2180 1514 2222 XII,
1541 2190 1620 2214 cum
1646 2182 1797 2222 propter
1829 2171 1830 2214 l

328 2242 499 2286 IIesychii
526 2242 640 2276 locum
666 2246 771 2285 putet
795 2241 873 2275 eius
892 2241 1020 2275 librum
1047 2237 1134 2284 περὶ
1153 2234 1313 2283 ἀγώνων
1337 2237 1373 2270 in
1400 2237 1460 2270 tali
1486 2245 1631 2280 quoque
1656 2245 1694 2269 re
1719 2245 1796 2268 ver·
1828 2230 1830 2275 Ξ

333 2304 447 2331 satum
473 2309 562 2332 esse.
1829 2284 1830 2289 ¹

443 2356 483 2396 ¹²)
517 2355 571 2389 Cf.
589 2354 779 2396 Prellerus,
807 2354 827 2387 l.
846 2364 875 2387 a.
902 2364 935 2397 p.
954 2351 1089 2386 XLVII
1116 2356 1152 2385 et
1170 2362 1203 2394 p.
1223 2354 1281 2393 853
1306 2349 1515 2391 Muellerus,
1539 2346 1606 2391 frg.
1626 2346 1657 2381 h.
1675 2357 1727 2390 gr.
1744 2346 1798 2380 III

332 2422 364 2453 Ι).
388 2414 456 2444 129.

444 2468 485 2507 13)
518 2466 571 2500 De
596 2466 632 2499 vi
658 2465 765 2500 huius
787 2465 956 2499 vocabuli
981 2465 1055 2507 (ΑΒ
1080 2463 1225 2497 tabulas
1250 2471 1308 2496 res
1334 2460 1504 2501 referre⁴⁴)
1529 2457 1575 2493 ef.
1600 2458 1800 2500 Bentleius,

333 2524 465 2564 opusc.
485 2521 570 2565 phil.
596 2533 629 2565 p.
649 2525 711 2555 509
738 2526 774 2555 et
798 2526 941 2565 praeter
967 2521 1056 2554 alios
1082 2520 1125 2553 M.
1144 2517 1376 2559 Sohmidtius,
1402 2516 1423 2550 1.
1442 2525 1471 2549 a.
1496 2526 1530 2558 p.
1550 2517 1624 2550 352.

446 2581 486 2618 ¹⁴)
518 2579 614 2619 Quas
640 2589 719 2612 eum
746 2578 963 2621 praemissas
989 2586 1069 2611 esse
1091 2579 1284 2620 χρονικοῖς
1310 2573 1518 2616 suspicatus
1536 2571 1582 2605 sit
1605 2570 1799 2604 Muellerus

336 2635 368 2667 in
394 2634 450 2667 ed.
467 2633 597 2667 Herod.
624 2634 746 2668 Didot.
772 2634 872 2668 Paris
894 2637 976 2667 1840
1003 2643 1036 2676 p.
1055 2636 1129 2674 202,
1162 2631 1250 2665 haee
1274 2628 1456 2664 sententia
1485 2626 1642 2661 refutata
1667 2630 1723 2660 est
1752 2625 1796 2659 iis

335 2701 425 2734 quae
450 2691 595 2725 Niesius
621 2691 665 2725 de
682 2696 896 2734 argumento
922 2696 958 2725 et
982 2690 1197 2724 condicione
1219 2684 1528 2730 chronographiae
1546 2681 1800 2717 Eratosthenis

337 2747 520 2790 disseruit,
545 2747 662 2780 Herm.
681 2747 805 2780 XXIII
832 2758 863 2790 p.
884 2750 925 2780 94
941 2757 1036 2790 sqq.:
1068 2746 1172 2779 immo
1199 2748 1301 2778 erant
1326 2737 1588 2784 ὄλυμπιονῖκαι
1615 2738 1800 2782 proprium

337 2804 548 2845 opuseulum
575 2813 593 2836 e
619 2803 867 2846 compluribus
894 2803 994 2837 libris
1020 2802 1079 2845 (ef.
1100 2801 1237 2835 Athen.
1256 2800 1318 2841 IV,
1339 2802 1399 2833 154
1414 2799 1449 2840 a)
1473 2796 1691 2831 consistens.
