1815 3231
1523 183 1529 203 l

175 264 253 302 Iam
277 276 369 302 vero
400 265 554 313 ellipsin
589 278 753 315 eamque
786 280 886 315 qnae
915 282 958 306 ex
984 282 1027 306 ca
1058 275 1143 309 orta
1166 276 1223 309 cst
1255 273 1534 312 intransitivum

61 332 269 370 verborum
308 331 506 370 notionem
544 333 776 383 plerumque
814 335 849 372 in
889 334 1069 384 Odyssea
1105 351 1269 388 regnare
1312 354 1535 380 commemo

60 400 211 438 ratione
243 399 402 449 dignum
434 412 518 438 esse
540 400 708 439 videtur.
768 403 830 441 Sic
862 405 1033 442 occurrit
1065 406 1101 442 in
1126 407 1246 445 verbo
1271 404 1356 458 ὶήμι
1391 410 1537 459 ellipsis

60 467 201 506 obiecti
233 459 357 517 ὕδωρ
390 470 539 506 tantuin
574 470 611 506 in
644 469 835 519 Odyssea,
872 471 1002 509 Itidem
1037 474 1182 522 ellipsis
1215 476 1352 514 obiecti
1388 475 1465 526 ι’ῙμΙ.
1499 480 1533 516 in

59 536 118 573 his
149 535 295 574 verbis:
333 528 521 582 ἐλαύνω,
560 531 840 586 παρελαύνω,
879 535 1211 590 πιτρε-ξε-λκύνιυ,
1253 538 1407 594 ἰνίημι,
1448 542 1532 582 :Erre

59 598 256 654 προΐημι,
285 599 444 650 κέλλο),
472 598 691 642 {emm-'2200
719 603 812 653 (duo
836 609 1013 656 proxima
1030 610 1151 647 verba
1175 612 1327 648 omnino
1351 615 1536 662 exemplis

58 671 154 708 solis
194 670 395 719 Odysseae
433 674 525 709 sunt
563 671 843 721 comprobata).
909 674 946 712 Si
988 687 1164 725 quaeras,
1203 690 1270 714 eur
1312 678 1457 727 ellipsis
1498 686 1535 718 ut

58 739 196 777 obiecti
224 736 308 789 νῆα
340 751 417 777 non
450 739 487 776 in
517 743 685 789 utroque
712 745 903 790 poemate,
935 742 1002 781 sed
1033 747 1183 781 tantum
1217 744 1252 782 in
1277 745 1451 795 Odyssea
1483 749 1534 785 in-

57 806 249 856 veniatur,
285 807 526 857 respondeat
563 808 756 857 quispiam
796 809 868 847 hoc
908 822 955 848 ex
993 823 1037 848 eo
1075 811 1186 860 effici,
1225 813 1327 861 quod
1360 814 1536 863 Odyssea

58 874 143 924 ipsa
171 886 240 925 per
262 886 303 913 se
331 878 495 924 propter
515 878 790 924 argumentum
820 877 954 926 plures
976 879 1199 917 occasiones
1224 880 1334 918 liuius
1357 882 1536 931 ellipse-os

58 941 312 992 usurpandae
343 942 514 991 dederit3
551 955 599 981 ex
632 943 766 982 eadem
800 957 920 983 causa
956 946 992 983 in
1026 945 1205 994 Odyssea
1236 948 1317 986 sola
1350 951 1536 987 nonnulla

59 1010 250 1049 vocabula
272 1010 321 1048 ad
344 1011 637 1060 navigationem
660 1013 879 1060 spectantia
902 1013 1087 1051 obvenire
1116 1019 1418 1054 consentaneum
1443 1030 1537 1056 esse.

57 1079 334 1116 Verumtamen
357 1090 404 1116 ex
429 1090 512 1116 meo
535 1078 690 1128 quidem
714 1079 858 1118 iudicio
887 1080 1095 1119 illiusmodi
1118 1082 1333 1121 locutiones
1356 1085 1393 1121 in
1417 1085 1535 1123 Iliade

55 1145 87 1183 si
120 1157 197 1183 non
230 1157 434 1195 persaepe,
471 1149 510 1183 at
542 1149 649 1184 certe
681 1146 891 1196 aliquoties
928 1147 1104 1185 adhiberi
1136 1151 1329 1199 poterant,
1363 1152 1467 1189 velut
1500 1154 1534 1190 in

37 1210 95 1261 *A
117 1214 352 1263 430—439‚
383 1213 527 1262 quibus
555 1214 592 1251 in
621 1214 800 1252 versibus
833 1215 989 1265 copiose
1021 1216 1211 1265 appulsus
1233 1217 1354 1255 litoris
1383 1231 1534 1257 enarra-

56 1284 131 1330 tur,
162 1283 199 1319 et
230 1281 268 1318 in
297 1278 337 1318 Α
359 1283 594 1331 477-487,
626 1282 768 1331 quibus
797 1284 974 1321 versibus
1005 1287 1120 1333 poeta
1150 1287 1411 1334 persequitur,
1443 1300 1534 1336 quo-

56 1347 171 1387 modo
208 1347 342 1387 Ulixes
373 1344 475 1387 ‘mari
513 1349 561 1386 ad
593 1349 776 1388 Achaeos
814 1350 986 1400 redierit,
1017 1355 1054 1389 et
1090 1351 1128 1389 in
1168 1350 1201 1388 O
1230 1355 1459 1392 624—628
1498 1354 1533 1391 in

54 1416 256 1466 parabole.
297 1416 347 1455 At
363 1417 662 1456 concedendum
682 1421 741 1456 est
761 1417 929 1457 fortasse
951 1419 1040 1457 illas
1059 1419 1276 1458 locutiones
1300 1422 1336 1458 in
1356 1420 1531 1471 Odyssea

56 1485 192 1524 obvias
223 1484 356 1523 Iliadis
387 1485 484 1523 locis
515 1485 676 1524 fortuito
708 1498 787 1524 non
819 1498 901 1524 esse
934 1490 1153 1536 usurpatas.

170 1563 330 1613 Ellipsis
366 1576 484 1613 porro
522 1564 664 1603 obiecti
697 1559 861 1610 ἵππους
893 1565 955 1604 vel
988 1555 1102 1615 ἅρμα
1134 1567 1195 1604 vel
1227 1562 1386 1617 δίφρον
1425 1572 1462 1606 et
1497 1569 1533 1606 in

55 1631 234 1682 Odyssea
272 1635 311 1669 et
345 1631 384 1669 in
414 1632 548 1671 Iliadis
575 1632 676 1671 libro
709 1631 750 1670 Ψ
783 1646 805 1671 a
837 1634 980 1672 criticis
1018 1635 1055 1672 in
1087 1635 1369 1673 recentioribus
1401 1637 1535 1674 carmi-

55 1699 170 1738 nibus
201 1702 407 1738 numerato
439 1701 588 1749 scripta
619 1701 773 1750 legitur.
836 1701 977 1739 Mirum
1009 1704 1078 1750 est,
1115 1701 1219 1750 quod
1253 1702 1346 1740 haee
1379 1703 1535 1752 ellipsis,

58 1765 380 1817 quandoquidem
403 1769 621 1806 sescenties
638 1768 733 1807 locis
755 1768 889 1806 iliadis
912 1768 960 1806 dc
983 1781 1099 1806 curru
1118 1768 1297 1807 vehendo
1320 1782 1444 1807 sermo
1467 1776 1536 1819 est,

54 1837 93 1874 in
114 1835 201 1873 aliis
222 1834 329 1873 libris
355 1847 434 1873 non
457 1836 710 1884 conspicitur.
751 1835 1057 1885 Conspiciuntur
1078 1838 1206 1873 autem
1236 1836 1272 1873 in
1295 1837 1380 1874 aliis
1404 1837 1534 1874 Iliadis

55 1903 164 1942 libris
191 1902 279 1952 loci,
307 1904 461 1952 quibus,
492 1904 563 1941 etsi
589 1904 736 1953 ellipsis
758 1904 824 1942 illa
846 1903 1019 1942 nondum
1045 1906 1102 1941 est
1123 1903 1384 1953 agnoscenda,
1406 1908 1531 1942 tamen

55 1971 176 2010 verba
197 1971 375 2020 proxime
392 1971 441 2008 ad
459 1971 750 2010 intransitivam
769 1972 966 2010 notionem
984 1974 1236 2009 accesserunt
1256 1974 1373 2020 atque
1394 1971 1431 2009 in
1450 1984 1531 2008 eam

55 2039 168 2089 quasi
190 2039 405 2078 transitura
427 2043 528 2077 sunt.

758 2204 845 2257 gi.

55 2293 123 2337 De
147 2294 319 2348 verbis,
348 2306 467 2346 quae
495 2306 581 2348 per
609 2293 799 2347 ellipsin
828 2293 1119 2335 obiectorum
1150 2290 1337 2340 ἵππους
1366 2293 1411 2333 et
1440 2294 1532 2345 νῆα

441 2363 514 2404 vel
543 2364 603 2416 νῆ
614 2378 668 2410 ας
695 2360 1000 2402 intransitiva
1026 2360 1156 2402 fiunt.

296 2464 335 2506 Α.
378 2465 432 2506 De
460 2465 581 2506 verbo
614 2460 821 2504 ἐλαύνω
853 2463 1018 2515 eiusque
1050 2461 1294 2515 compositis

567 2554 604 2597 l.
644 2551 797 2603 ἐλάω,
829 2550 1033 2594 ἐλαύνω

56 2637 147 2684 (hoc
171 2651 220 2676 ex
241 2632 453 2675 ἐλα-νυ-(ο
482 2638 654 2676 evasisse
677 2635 847 2682 dicitur).
908 2637 966 2673 De
988 2634 1190 2685 principali
1214 2632 1430 2682 significatu
1453 2633 1530 2680 agi-

56 2704 164 2742 tandi
199 2704 247 2742 ef.
277 2705 383 2744 Gurt.
405 2705 485 2743 Et.5
507 2707 599 2754 5513
629 2700 815 2742 Vanicek.
837 2703 866 2752 Ι,
887 2705 957 2751 4·2;
989 2700 1113 2739 Finis-‘³
1140 2701 1190 2750 II,
1213 2703 1278 2749 263
1313 2700 1354 2736 L.
1377 2700 1531 2747 Meyer„

65 2772 155 2820 Vgl.
183 2771 370 2810 Gramm.2
400 2772 430 2822 I,
459 2775 550 2812 703.
610 2771 780 2820 EbeliuS,
815 2770 864 2807 K.
892 2770 929 2808 Z.
957 2769 1022 2816 IV,
1047 2770 1135 2816 162,
1172 2758 1287 2803 ἐλάω
1323 2778 1406 2803 cum
1430 2760 1531 2802 εἴλω
