1830 3201
308 168 388 207 264

305 292 374 326 τες
415 276 493 330 μὲν
532 270 777 331 Άθηιάίων
817 269 885 317 ἐπ’
913 274 1011 317 ἔτεα
1049 274 1093 329 ἕξ
1123 292 1170 318 τε
1208 277 1277 318 καὶ
1310 274 1564 333 τριήκοντα)
1605 282 1781 321 adhibuit

304 349 606 398 Aristophanem
637 341 707 397 μα’
735 360 859 386 annos
897 361 981 385 eum
1015 361 1202 397 regnasse
1240 349 1441 388 dicentem.
1502 351 1599 398 Quis
1629 353 1688 389 est
1718 351 1781 388 hic

304 417 612 465 Aristophanes?
662 416 782 454 Plane
803 416 941 454 falsum
965 418 1024 453 cst
1055 416 1159 464 quod
1187 418 1340 464 putavit
1361 419 1556 456 Meursius
1587 418 1780 461 (Pisistra-

304 488 365 522 tus
397 498 431 534 p.
457 482 562 530 142),
601 484 678 532 qui,
711 486 751 521 ut
783 496 853 532 pro
884 475 954 532 μα’
987 483 1143 532 scripsit
1180 476 1260 533 va',
1297 485 1348 522 ita
1379 488 1533 534 poetam
1567 486 1693 534 ipsum
1725 486 1780 522 in-

304 551 464 600 tellexit,
496 563 573 600 quo
606 549 814 588 absurdius
846 551 1006 598 cogitari
1038 563 1113 588 non
1144 553 1290 601 potest,
1326 552 1402 600 alii,
1437 552 1538 590 inter
1569 564 1667 601 quos
1698 554 1782 590 erat

303 620 505 657 Clintonus
538 618 578 664 (f.
601 618 636 655 h.
666 619 700 655 II
732 631 768 667 p.
792 616 887 663 201)
920 620 957 655 ct
989 618 1222 655 novissimus
1254 619 1437 668 Ungerns
1469 618 1506 666 (1.
1530 632 1564 657 a.
1586 621 1678 659 390.
1700 617 1781 668 91),

301 686 594 734 grammaticum
628 684 949 730 Alexandrinum,
988 685 1027 722 id
1060 685 1163 734 quod
1196 686 1329 723 verbis
1366 689 1404 724 et
1433 699 1475 724 re
1511 687 1689 736 exigitur,
1724 686 1780 724 in-

302 754 435 803 tellegi
466 755 690 796 voluerunt;
730 752 797 789 scd
835 753 908 790 iam
941 750 1202 800 Bentleius14)
1240 754 1394 791 nomine
1427 756 1611 803 corrupto
1648 754 1780 792 habito

301 821 455 870 scripsit
485 810 820 870 Ἄριστοτέλους.
880 821 928 857 Et
960 823 1065 858 recte
1098 821 1255 869 quidem
1288 820 1493 859 Nauckius
1526 821 1567 868 (l.
1587 834 1621 859 a.
1652 834 1688 870 p.
1712 819 1780 867 66)

304 888 489 927 credibile
517 899 603 925 esse
634 888 794 936 negavit
832 887 1132 936 Aristophanem
1162 888 1391 936 Byzantium
1429 889 1649 926 auctoritati
1689 890 1779 926 Era-

300 956 492 994 tosthenis
529 956 673 1005 opponi
712 958 778 993 aut
818 967 902 992 cum
942 955 1144 993 Herodoto
1183 957 1410 994 consociari.
1469 956 1633 994 Accedit
1662 956 1779 1005 quod,

301 1025 331 1061 si
364 1025 445 1061 eius
477 1036 578 1072 quae
611 1024 648 1061 in
676 1023 834 1061 scholiis
866 1026 1022 1060 exstant
1045 1024 1212 1073 vestigia
1243 1024 1579 1073 contemplaberis,
1609 1028 1668 1062 ter
1698 1025 1780 1062 sive

300 1095 439 1141 quater
471 1090 587 1137 (Nub.
610 1093 701 1130 967.
734 1093 853 1139 1007,
883 1091 955 1128 AV.
981 1093 1098 1129 1541.
1124 1089 1246 1137 1610)
1278 1092 1316 1129 in
1340 1094 1479 1141 poetae
1501 1091 1622 1129 verbo
1644 1091 1778 1141 aliquo

300 1158 535 1208 explicando
567 1171 654 1197 eum
682 1161 904 1196 versantem
939 1159 1126 1207 invenies,
1157 1159 1215 1196 bis
1246 1159 1282 1196 in
1316 1162 1449 1196 textus
1482 1158 1780 1197 difficultatibus

299 1226 545 1264 removendis
573 1228 656 1264 sive
686 1226 905 1264 statuendis
938 1225 1026 1273 (Av.
1052 1228 1170 1275 1342,
1201 1227 1297 1264 Ran.
1322 1225 1427 1273 153),
1461 1227 1580 1265 semel
1600 1227 1638 1264 in
1661 1239 1777 1275 quae-

299 1295 423 1332 stione
454 1293 503 1331 ad
534 1296 737 1331 accentum
771 1294 992 1342 pertinente
1024 1292 1141 1338 (Nub.
1166 1291 1301 1339 1150),
1337 1305 1491 1343 semper
1522 1298 1628 1331 certe
1663 1294 1701 1331 in
1732 1293 1779 1331 iis

299 1362 433 1409 rebus,
474 1373 574 1409 quae
623 1360 673 1398 ad
718 1365 858 1410 poetae
900 1360 1020 1398 verba
1062 1361 1324 1409 intellegenda
1372 1361 1508 1410 utique
1558 1361 1779 1399 necessaria

300 1432 440 1477 essent,
471 1428 540 1466 sed
570 1441 780 1478 numquam
813 1429 850 1466 in
872 1441 914 1466 re
945 1429 1132 1466 historica
1162 1429 1215 1466 ita
1247 1432 1485 1478 comparata,
1515 1432 1557 1466 ut
1587 1429 1626 1466 in
1658 1429 1778 1466 schol.

302 1497 415 1545 Vesp.
438 1499 531 1545 502,
562 1508 663 1545 quae
693 1496 742 1533 ad
774 1499 923 1534 textum
956 1497 1081 1545 ipsum
1114 1497 1270 1534 omnino
1302 1509 1380 1534 non
1412 1497 1592 1546 pertinet.
1652 1496 1776 1543 Quam

301 1564 460 1602 obrem
503 1566 729 1612 corruptum
772 1567 876 1601 certe
908 1567 966 1601 est
1006 1575 1160 1601 nomen.
1219 1564 1278 1601 An
1322 1565 1411 1601 item
1453 1563 1551 1601 bene
1590 1567 1778 1613 sanatum,

300 1634 342 1668 ut
372 1631 538 1680 probata
569 1631 642 1668 hac
673 1630 887 1668 mutatione
918 1632 1041 1681 totum
1064 1631 1192 1668 locum
1226 1631 1370 1668 habeas
1391 1630 1614 1679 integrum?
1663 1629 1776 1677 Quod

300 1711 385 1736 cum
425 1698 632 1736 crederent
667 1698 809 1735 Rosius
847 1696 1059 1744 (Aristotel.
1088 1698 1223 1746 fragm.
1254 1711 1312 1736 nr.
1341 1700 1436 1743 396)
1474 1701 1511 1736 et
1546 1699 1778 1747 Toepfferus

299 1767 322 1803 l.
344 1778 390 1815 a.,
420 1766 468 1804 de
500 1778 576 1814 quo
608 1765 735 1803 statim
768 1778 893 1814 agam,
924 1766 989 1802 alii
1021 1769 1228 1815 praeterea
1257 1766 1363 1803 aliud
1388 1765 1525 1803 vitium
1557 1765 1596 1802 in
1628 1765 1776 1802 scholio

299 1835 421 1871 latere
452 1836 700 1882 putaverunt.
761 1833 924 1882 Legitur
955 1834 1056 1871 enim
1094 1834 1132 1870 in
1170 1833 1340 1871 eiusdem
1373 1833 1596 1871 Aristotelis
1632 1833 1778 1882 politic.

299 1901 389 1938 VIII
412 1899 490 1949 (V),
520 1903 624 1939 1315
644 1902 673 1937 B
697 1903 769 1939 24:
804 1896 929 1950 τρίτη
961 1895 1006 1937 ot
1036 1892 1061 1951 ἡ
1091 1898 1185 1937 τῶν
1216 1896 1588 1950 Πεισιστρατιδῶν
1617 1899 1684 1947 (sc.
1706 1911 1778 1936 τυ-

299 1965 464 2017 ραννίς)
496 1958 730 2018 Ἀθήνησιν
763 1957 845 2004 οὔκ
877 1963 1050 2017 ἐγένετο
1083 1964 1284 2016 συνεχῶς.
1331 1964 1396 2011 δὶς
1421 1960 1503 2017 γὰρ
1531 1961 1660 2017 ἔφυγε
1681 1965 1776 2004 Πει-

299 2033 529 2085 σίστρατος
565 2033 818 2085 τυραννῶν·
868 2025 979 2072 ὥστε
1016 2029 1063 2071 ἐι·
1099 2028 1209 2072 ἔτεσι
1247 2025 1488 2084 τριάκοντα
1526 2030 1599 2070 καὶ
1634 2030 1777 2084 τρισὶν

298 2096 591 2140 ἑπτακαίδεκα
627 2096 802 2139 τούτων
838 2095 1147 2153 ἐτυράννησεν,
1187 2093 1490 2139 ὀκτωκαίδεκα
1520 2097 1566 2138 δὲ
1603 2096 1645 2139 οἱ
1680 2104 1776 2138 παῖ-

299 2222 443 2265 pendic.
468 2233 501 2265 p.
522 2224 586 2256 200
612 2220 680 2265 frg.
701 2225 773 2256 100.
823 2221 935 2262 Quem
961 2221 996 2254 in
1014 2221 1108 2255 libro
1133 2219 1220 2265 περὶ
1242 2223 1306 2264 τῆς
1324 2215 1482 2264 ἀρχαίας
1506 2219 1707 2267 κωμῳδίας
1731 2220 1776 2254 de

299 2278 365 2311 hac
401 2288 438 2312 re
476 2278 610 2312 dixisse
651 2288 729 2312 cum
767 2278 907 2321 primus
948 2277 1155 2321 putavisset
1191 2277 1464 2321 chhardyus,
1501 2275 1777 2311 Eratosthenica

299 2345 334 2377 p.
352 2337 427 2377 217,
456 2344 548 2377 quae
575 2334 756 2368 sententia
780 2334 935 2377 probata
960 2338 1017 2368 est
1041 2344 1061 2367 a
1085 2332 1249 2375 Stiehlio,
1275 2332 1403 2366 Philol.
1428 2332 1555 2376 Suppl.
1573 2332 1616 2375 Π,
1634 2336 1709 2375 488,
1740 2336 1776 2366 et

299 2390 510 2423 dubitanter
539 2400 559 2423 a
584 2390 776 2423 Streckero
802 2390 824 2423 l.
847 2400 890 2433 a.,
926 2400 1031 2423 suum
1065 2390 1183 2423 locum
1213 2389 1248 2421 in
1282 2388 1574 2432 chronographia
1605 2388 1690 2422 huic
1722 2388 1775 2422 rei

299 2445 435 2487 primus
468 2445 597 2479 tribuit
621 2445 816 2479 Muellerus
848 2446 871 2479 l.
894 2455 923 2480 a.
971 2446 1059 2479 Nam
1092 2445 1191 2488 quod
1224 2445 1479 2478 documentum
1513 2445 1636 2478 attulit
1665 2445 1776 2478 Bern-

300 2501 460 2545 hardyus
493 2502 598 2535 alium
625 2502 881 2536 Eratosthenis
907 2502 1039 2536 librum
1072 2512 1143 2534 non
1169 2501 1288 2534 afferri
1312 2501 1346 2534 in
1373 2501 1536 2543 scholiis,
1568 2503 1696 2544 postea
1719 2510 1773 2534 re-

300 2555 436 2600 futabo,
463 2568 543 2591 cum
569 2558 771 2600 probavero
802 2558 964 2592 eiusdem
989 2557 1251 2602 olympionicas
1286 2566 1366 2590 esse
1391 2556 1583 2591 adhibitas.
1631 2556 1774 2590 Deinde

300 2616 418 2647 auten]
446 2613 549 2647 facile
568 2613 795 2656 intellegitur
820 2614 966 2647 omnino
992 2614 1109 2647 locum
1135 2623 1205 2646 non
1233 2611 1348 2646 fuisse
1375 2612 1458 2646 huic
1482 2613 1533 2647 rei
1556 2613 1592 2646 in
1610 2612 1703 2646 libro
1728 2612 1774 2645 de

300 2673 422 2703 vetere
448 2670 645 2711 comoedia,
669 2680 748 2703 cum
775 2670 819 2703 ad
846 2669 1182 2713 interpretationem
1208 2668 1297 2701 nihil
1325 2669 1481 2703 afferret.

413 2728 454 2767 14)
485 2726 623 2760 Breves
641 2726 719 2760 eius
736 2729 843 2760 notae
867 2726 1006 2770 publici
1030 2726 1120 2760 iuris
1145 2724 1265 2759 factae
1289 2728 1377 2759 sunt
1399 2726 1436 2759 in
1462 2725 1654 2759 ‘Classical
1673 2725 1775 2770 j0ur-

301 2781 375 2814 nal'
401 2781 487 2814 XllI
512 2793 569 2816 no.
587 2785 628 2816 25
654 2792 688 2825 p.
708 2785 781 2817 590.
