1830 3201
271 198 349 234 202

269 319 353 346 rum
386 307 556 355 digestas
578 304 698 343 fuisse
729 308 767 342 et
797 304 845 342 ad
878 304 1047 349 Homeri,
1078 305 1250 354 Hesiodi,
1279 305 1440 343 aliorum
1474 317 1594 354 opera
1631 316 1744 355 spec-

270 377 375 412 tasse
411 385 531 422 supra
562 372 822 421 exposuimus.
873 371 1050 409 Vidimus
1081 374 1209 410 autem
1245 372 1483 410 Zenodotum
1515 373 1744 421 plerumque

270 441 319 478 ad
351 440 631 479 sententiarum
663 451 789 478 nexus
829 450 1001 476 normam
1038 439 1231 477 vocabula
1269 440 1501 488 explicuisse
1539 442 1577 477 et
1612 451 1744 477 veram

272 508 565 558 originationem
608 506 781 544 omisisse
824 508 943 555 atque
985 507 1217 555 neglexisse.
1287 507 1397 554 Quae
1438 519 1524 545 cum
1565 507 1619 545 ita
1659 507 1746 552 sint,

271 575 408 612 mirum
441 586 518 612 non
550 576 620 622 est,
651 573 758 622 quod
791 573 829 610 in
862 584 1014 611 errores
1047 573 1222 622 incurrit,
1254 574 1324 612 etsi
1354 575 1489 623 negari
1519 586 1595 612 non
1618 576 1748 624 potest

272 654 358 680 eum
396 641 446 680 ad
476 653 611 679 verum
651 652 925 689 nonnusquam
962 652 1086 689 prope
1123 641 1349 679 accessisse.
1409 641 1590 680 Ceterum
1627 642 1747 679 Zeno-

272 709 404 747 dotum
436 722 458 746 a
488 709 706 746 temeritate
746 711 784 746 et
813 707 980 746 audacia
1018 720 1095 746 non
1128 708 1378 746 abhorruisse
1416 709 1453 746 in
1492 709 1746 747 coniectando

272 780 309 815 et
341 775 666 826 argumentando,
696 775 1001 814 luculentissime
1032 775 1181 814 scholio
1214 775 1263 813 ad
1292 775 1363 814 Od.
1386 786 1410 825 γ
1432 779 1513 815 444
1544 777 1746 815 evincitur.

385 844 577 891 Quoniam
610 843 658 881 de
679 842 787 888 libro,
820 843 886 892 qui
908 842 1137 881 inscribitur
1160 841 1365 893 γλῶσσαι,
1397 843 1598 882 Zenodoto
1620 844 1747 893 Ephe-

272 912 327 950 sio
359 910 609 950 attribuendo
641 910 937 960 disputavimus,
968 911 1187 960 proximum
1213 913 1270 949 est
1302 914 1343 948 ut
1373 911 1492 960 paulo
1525 910 1748 949 accuratius

271 979 522 1029 inspiciamus
552 978 814 1016 testimonium
846 978 894 1016 ab
917 979 1084 1016 Tatiano
1108 978 1363 1027 perhibitum;
1394 979 1545 1017 rettulit
1575 979 1675 1017 enim
1708 979 1746 1016 in

272 1059 327 1085 or.
349 1046 397 1084 ad
421 1046 557 1085 Graec.
587 1058 617 1084 e.
641 1048 689 1084 31
723 1045 965 1084 Zenodotum
998 1058 1138 1095 nempe
1160 1045 1369 1095 Ephesium
1402 1047 1439 1084 in
1472 1058 1605 1085 eorum
1629 1045 1748 1094 scrip-

273 1118 398 1153 torum
431 1125 648 1162 numerum,
683 1114 750 1162 qui
788 1114 940 1162 egerint
977 1113 1025 1152 de
1062 1114 1182 1163 poesi,
1219 1126 1376 1163 genere,
1411 1116 1540 1152 aetate
1578 1115 1750 1153 Homeri.

272 1182 370 1220 Sunt
406 1185 533 1220 autem
572 1181 704 1231 verba,
747 1194 847 1231 quae
884 1183 920 1219 in
961 1194 1119 1220 censum
1159 1183 1334 1231 veniunt,
1373 1182 1486 1220 haec.
1531 1178 1632 1233 περὶ
1667 1174 1748 1232 γὰρ

272 1248 348 1300 τῆς
377 1248 459 1286 τοῦ
484 1238 667 1300 Ομηρου
698 1242 916 1322 ποιήσεως
947 1245 1103 1298 γένους
1123 1260 1169 1286 τε
1192 1238 1330 1286 αὐτοῦ
1357 1245 1431 1286 καὶ
1449 1242 1614 1300 χρόνου
1645 1239 1749 1286 καθ’

274 1307 325 1353 ὃν
367 1307 559 1366 ἤκμασεν
599 1310 935 1367 προηρεύνησαν
976 1328 1017 1353 οι
1053 1309 1350 1366 πρεσβύτατοι
1384 1313 1601 1389 Θεαγένης
1636 1328 1682 1354 τε
1725 1306 1748 1354 ὁ

268 1373 462 1435 Ρηγῖνος
483 1377 595 1421 κατὰ
617 1377 855 1435 Καμβύσην
877 1375 1084 1434 γεγονώς,
1107 1375 1437 1435 Στησίμβροτός
1457 1396 1504 1421 τε
1527 1373 1549 1422 ὁ
1577 1377 1749 1431 Θάσιος,

273 1448 346 1488 καὶ
368 1443 615 1501 Ἀντίμαχος
636 1442 659 1488 ὁ
682 1444 986 1499 Κολοφώνιος,
1014 1440 1246 1501 Ἡρόδοτός
1268 1463 1313 1488 τε
1337 1441 1360 1488 ὁ
1383 1440 1750 1502 Ἁλικαρνασσεύς,

273 1515 344 1555 καὶ
378 1511 606 1563 Διονύσιος
637 1508 660 1555 ὁ
692 1508 937 1563 Ὀλύνθιος·
970 1509 1077 1568 μετὰ
1108 1515 1154 1556 δὲ·
1186 1514 1382 1564 ἐκείνους
1407 1510 1588 1569 Ἔφορος
1620 1508 1750 1557 ὁΚυ-

272 1589 397 1636 μαῑος
428 1582 500 1623 καὶ
535 1576 780 1636 Φιλόχορος
811 1580 833 1621 ὁ
870 1576 1112 1637 Ἀθηναῖος,
1150 1582 1446 1637 ᾹΙεγακλείδης
1475 1598 1523 1623 τε
1559 1582 1632 1623 καὶ
1664 1584 1751 1623 Χα-

272 1650 464 1703 μαιλέων
504 1648 543 1690 οἱ
577 1650 937 1704 Περιπατητικοί·
982 1647 1132 1690 ἔπειτα
1168 1650 1458 1704 γραμματικοὶ
1489 1647 1751 1705 Ζηνόδοτος,

275 1712 596 1772 Ἀριστοφάνης,
638 1717 916 1770 Καλλίμαχος
930 1720 970 1770 ¹),
1008 1714 1194 1772 Κράτης,
1232 1710 1558 1772 Ἐρατοσθένης,
1595 1711 1752 1772 Ἀρίστ-

275 1800 416 1838 αρχος,
450 1778 783 1838 Ἀπολλόδωρος
821 1787 914 1825 κτλ.
977 1790 1055 1826 Iam
1094 1789 1237 1827 dixerit
1273 1789 1463 1839 quispiam
1501 1789 1617 1827 huius
1648 1790 1752 1828 testi-

276 1856 392 1894 monii
423 1857 500 1894 vim
532 1868 619 1894 esse
651 1857 848 1905 exiguam,
889 1869 977 1894 nam
1014 1856 1202 1895 Zenodoti
1239 1857 1474 1902 memoriam,
1515 1856 1586 1895 etsi
1617 1856 1750 1895 talium

276 1923 493 1962 studiorum
525 1923 693 1962 fructum
731 1924 867 1962 litteris
905 1936 983 1961 non
1021 1924 1277 1973 mandaverit,
1313 1936 1396 1962 eam
1429 1925 1478 1962 ob
1511 1936 1590 1962 rem
1628 1924 1751 1973 repeti

275 2003 390 2041 posse
422 1992 461 2029 in
492 1991 648 2029 illorum
679 1991 1021 2040 grammaticorum
1053 1991 1164 2036 serie,
1196 1991 1301 2041 quod
1323 1992 1481 2029 omnino
1504 1991 1528 2029 ii
1549 1991 1751 2041 proferan-

275 2062 351 2107 tur,
382 2059 448 2108 qui
478 2058 617 2096 studiis
640 2059 857 2096 HomcrIcis
886 2058 1139 2096 innotuerint.
1198 2059 1380 2097 Attamen
1404 2071 1490 2096 cum
1513 2061 1551 2097 et
1572 2071 1620 2097 ex
1641 2061 1751 2107 parte

276 2125 410 2164 addita
440 2126 528 2175 sint,
559 2138 660 2175 quae
691 2126 897 2164 docuerint
926 2125 981 2163 illi
1014 2125 1298 2174 grammatiei2)
1337 2129 1376 2164 et
1407 2127 1646 2173 omittantur,
1685 2127 1751 2175 qui

277 2193 352 2230 illis
383 2193 625 2242 temporibus
662 2194 702 2231 in
733 2193 893 2232 Homeri
923 2193 1160 2231 carminibus
1195 2193 1412 2232 tractandis
1447 2194 1593 2232 versati
1623 2191 1753 2241 sint-⁹³),

392 2313 418 2353 ¹)
450 2309 735 2356 Καλλίστρατος
760 2310 908 2355 scripsit
931 2311 1232 2345 Wilamowitzius
1255 2311 1316 2353 (cf.
1342 2310 1526 2346 Schwartz
1551 2312 1573 2346 l.
1592 2311 1613 2346 l.
1638 2310 1751 2357 praef.

277 2377 310 2410 p.
330 2366 428 2410 VII),
453 2367 523 2401 etsi
541 2366 715 2401 librorum
733 2366 953 2401 auctoritate
969 2367 1078 2401 lectio
1096 2365 1336 2412 Καλλίμαχος
1353 2367 1620 2411 comprobatur.
1661 2367 1753 2403 Con-

277 2422 478 2456 cedendum
504 2425 561 2457 est
585 2422 783 2458 Callistrati
808 2432 937 2457 nomen
961 2422 998 2456 in
1023 2421 1244 2466 Callimachi,
1270 2423 1332 2466 qui
1349 2426 1426 2458 erat
1452 2423 1676 2466 notissimus,
1701 2422 1751 2457 fa-

277 2478 345 2512 cile
371 2479 580 2512 commutari
605 2479 770 2522 potuisse
803 2482 840 2513 et
865 2481 1122 2513 commutatum
1150 2488 1230 2513 esse
1260 2478 1322 2521 (cf.
1347 2478 1459 2513 schol.
1477 2479 1615 2514 Townl.
1640 2479 1687 2513 ad
1711 2478 1753 2513 11.

278 2536 298 2573 ξ
316 2536 394 2575 255)
427 2537 464 2568 et
488 2534 691 2569 Callistrati
715 2535 919 2569 memoriam
945 2538 1068 2569 nostro
1092 2535 1174 2569 loco
1207 2544 1278 2568 non
1311 2544 1519 2578 repugnare
1543 2534 1661 2570 videri
1691 2534 1752 2577 (cf.

278 2590 321 2623 R.
339 2589 511 2632 Schmidt,
537 2589 673 2624 Comm.
692 2590 736 2625 de
755 2590 914 2625 Callistr.
932 2590 1203 2634 Aristophaneo
1227 2600 1284 2634 ap.
1303 2590 1438 2633 Nauck,
1455 2589 1647 2635 Aristoph.
1665 2591 1752 2635 Byz.

279 2645 346 2688 frg.
371 2656 406 2689 p.
424 2647 520 2689 314);
546 2649 704 2680 attamen
729 2656 800 2680 non
825 2646 933 2680 video
959 2655 1117 2687 causam,
1150 2656 1213 2680 cur
1237 2655 1258 2680 a
1283 2646 1467 2690 scriptura
1493 2646 1627 2680 tradita
1655 2655 1752 2680 rece-

278 2700 405 2735 damus
428 2700 490 2745 (cf.
515 2702 554 2736 O.
572 2701 785 2745 Schneider,
810 2702 1001 2737 Callim.11
1026 2713 1060 2746 p.
1078 2703 1169 2745 310).

389 2758 418 2799 2)
450 2757 605 2792 Nomino
630 2756 897 2802 Aristarchum,
922 2757 1210 2800 Eratosthenem,
1236 2757 1512 2801 Apollodorum.

390 2812 418 2856 8)
449 2812 597 2847 Profero
623 2812 786 2856 Aratum,
812 2812 1004 2848 Rhianum.
