1815 3231
1434 200 1511 234 215)

35 307 249 344 exornatae
283 305 426 343 mentio
458 304 511 353 fit,
543 317 618 342 non
651 305 854 343 adnotavit
885 307 1105 357 scholiasta,
1145 309 1213 345 ctsi
1247 309 1415 346 dubitari
1451 322 1512 345 nc-

35 374 132 423 quit,
167 374 261 423 quin
294 373 415 411 verba
446 372 590 411 tradita
628 376 813 422 corrupta
846 375 1071 416 liabue1·it.'l
1135 377 1351 414 Verisimile
1384 379 1511 414 autem

35 452 121 479 esse
144 440 300 478 videtur
331 439 572 478 Zenodotum
606 452 627 476 a
650 441 876 479 coniectura
908 454 984 479 11011
1014 442 1272 490 abhorruisse,
1307 447 1345 480 ut
1370 444 1516 491 vitium,

36 508 142 558 quod
175 510 329 547 exstare
361 507 431 546 sibi
463 508 671 558 persuasit,
703 512 932 547 removeret.

150 576 340 624 Quoniam
380 576 427 614 de
466 576 643 625 vestigiis
683 576 865 615 editionis
903 577 1206 627 disputavimus,
1244 579 1440 628 sequitur,
1477 583 1517 616 ut

38 644 112 682 hac
142 643 191 682 de
223 644 455 693 quaestione
487 643 525 681 in
559 644 785 681 universum
818 657 943 693 pauca
975 644 1176 683 addamus.
1237 646 1517 685 Contendimus

37 723 156 761 supra
197 710 440 750 Zenodotum
492 710 708 749 carminum
754 711 1050 750 Pindaricorum
1101 713 1367 751 recensionem
1418 726 1517 751 com·

37 790 213 830 parasse,
243 778 313 817 sed
335 778 453 817 audio
477 778 665 828 dicentes,
696 779 789 816 satis
812 780 1058 817 temerariam
1091 792 1174 818 6880
1207 781 1306 818 hanc
1329 782 1517 819 rationem

38 846 355 897 argumentandi,
386 859 473 884 cum
507 846 695 884 Zenodoti
720 859 858 884 nomen
892 859 969 885 non
993 851 1174 886 occurrat
1206 849 1277 885 nisi
1300 849 1336 886 in
1360 849 1519 886 scholiis

38 915 87 954 ad
118 914 287 966 epinicia
318 915 561 965 Olympiaca,
599 918 640 953 ut
678 915 783 959 haee,
825 927 900 953 non
940 919 1071 953 cetera
1109 917 1279 953 carmina
1316 915 1520 954 emendata

39 995 125 1023 esse
156 983 362 1033 probabile
393 985 452 1021 sit.
511 983 743 1021 Tenendum
776 987 904 1021 autem
938 987 997 1022 est
1027 983 1201 1021 notitiam
1232 984 1434 1022 doctrinae
1456 985 1521 1022 Ze-

40 1051 234 1091 nodoteae
270 1051 394 1089 fluere
432 1063 479 1089 ex
517 1050 602 1089 cod.
629 1051 905 1097 Ambrosiano,
945 1051 1011 1100 qui
1049 1051 1131 1089 sola
1168 1051 1397 1101 Olympiaca
1433 1065 1518 1091 cum

40 1120 197 1159 scholiis
228 1120 412 1159 continet.
473 1119 584 1168 Quae
607 1131 693 1158 cum
717 1120 770 1157 ita
792 1120 879 1169 sint,
911 1132 987 1158 non
1019 1123 1077 1157 est
1108 1132 1177 1158 cur
1208 1120 1412 1169 quisquam
1444 1133 1520 1157 am-

22 1188 147 1243 bigat
187 1187 348 1226 Pindari
390 1188 564 1226 carmina
603 1188 748 1233 omnia,
790 1200 892 1237 quae
930 1190 1009 1225 tum
1048 1187 1293 1237 ferebantur,
1335 1188 1520 1227 Zenodoti

41 1268 163 1306 opera
192 1252 304 1304 sedita
335 1254 488 1300 688692)
549 1255 729 1295 Ceterum
770 1255 993 1293 Zenodotus
1029 1255 1224 1305 Ephesius
1260 1256 1407 1305 primus
1446 1256 1521 1294 edi-

40 1323 184 1362 tionem
227 1323 389 1361 Pindari
441 1322 681 1368 „secundum
726 1322 884 1361 criticae
928 1323 1021 1361 artis
1064 1336 1235 1361 normam
1279 1322 1517 1361 11181111113111ιι

42 1390 237 1430 conficere
259 1391 430 1440 studuit-‚3
462 1403 550 1429 nam
583 1391 924 1430 Chamaeleontem
958 1391 995 1428 in
1019 1391 1118 1429 libro
1140 1387 1240 1440 περὶ
1264 1384 1522 1441 Πινδάρουΰ)

41 1459 151 1498 aliud
181 1458 386 1498 consilium
426 1462 678 1509 persecutum
715 1470 801 1497 esse
839 1461 1014 1509 apparet.
1074 1459 1254 1508 Denique
1293 1460 1330 1497 in
1363 1471 1522 1496 numero

43 1539 198 1577 eorum,
235 1527 560 1572 Chamaeleontis,
599 1527 840 1575 Callimachi,
876 1526 1163 1576 Aristophanis,
1199 1527 1434 1575 Aristarchi,
1474 1525 1521 1562 ad

42 1607 211 1644 quorum
245 1594 412 1644 aliquem
446 1594 758 1633 distributionem
781 1595 996 1632 carminum
1020 1592 1356 1640 Pindaricorum—2)
1386 1605 1522 1632 secun-

45 1663 136 1702 dum
168 1664 391 1713 argumenti
422 1665 603 1701 naturam
635 1665 809 1712 paratam
843 1662 972 1700 redire
1004 1675 1026 1700 a
1057 1662 1329 1712 probabilitate
1360 1674 1437 1700 non
1461 1661 1522 1699 ab·

47 1732 193 1780 horret,
223 1730 466 1769 Zenodotum
500 1730 713 1780 Ephesium
747 1730 869 1768 omitti
901 1742 978 1768 non
1011 1729 1154 1768 debere
1187 1729 1466 1767 adnotaverim.

157 1810 292 1849 Trium
334 1811 453 1860 igitur
493 1812 697 1860 poetarum
739 1812 897 1859 praeter
936 1809 1165 1857 Homerum,
1204 1808 1382 1857 Hesiodi,
1421 1809 1523 1845 Ana-

46 1879 230 1928 creontis,
260 1878 434 1928 Pindari,
470 1878 661 1916 editiones
697 1891 718 1915 a
755 1877 955 1916 Zenodoto
987 1876 1156 1926 Ephesio
1193 1876 1403 1914 adornatas
1439 1887 1523 1913 esse

46 1947 290 1992 lectionibus,
332 1958 431 1996 quas
462 1946 500 1984 in
533 1948 682 1984 textum
714 1946 872 1994 recepit,
909 1945 1071 1982 servatis
1107 1944 1416 1989 demonstratum
1455 1941 1524 1980 sed

46 2016 79 2054 si
109 2018 312 2064 computas
349 2015 525 2054 notitiam
559 2013 798 2053 recensionis
830 2013 1049 2052 Hesiodeae
1088 2024 1164 2050 uno
1197 2012 1263 2050 niti
1296 2011 1526 2059 fragmento,

48 2083 283 2121 Pindaricae
313 2083 474 2121 scholiis
505 2082 651 2121 codicis
682 2082 944 2130 Ambrosiani,
976 2080 1160 2118 facillime
1192 2080 1414 2117 memoriam
1447 2077 1524 2115 edi-

47 2152 195 2189 tionum
232 2150 281 2189 ad
318 2151 413 2190 alios
443 2154 625 2190 auctores
662 2150 938 2200 pertinentium
979 2147 1212 2186 intercidere
1249 2147 1423 2196 potuisse
1460 2158 1526 2195 ap-

48 2221 173 2268 paret,
210 2221 252 2256 ut
288 2230 408 2257 causa
438 2230 516 2256 non
549 2218 610 2267 sit,
647 2229 717 2255 cur
754 2216 983 2259 dubitemus,
1023 2215 1116 2264 quin
1154 2214 1526 2263 Prolegomenorum

47 2281 150 2335 περὶ
179 2281 412 2336 κωμῳδίας
448 2285 726 2333 testimonium,
762 2296 810 2322 ex
842 2295 920 2333 quo
951 2282 1174 2320 Zenodotus
1212 2281 1368 2329 negotio
1400 2291 1527 2317 emen-

50 2352 268 2391 dandorum
306 2353 521 2392 carminum
563 2355 766 2402 poetarum
804 2351 1002 2399 epicorum
1042 2353 1080 2387 et
1118 2349 1327 2397 lyricorum
1371 2347 1529 2385 functus

53 2423 124 2466 est,
155 2423 262 2458 recte
295 2431 336 2458 se
366 2420 523 2458 habeat.

169 2541 194 2580 ¹)
225 2537 280 2574 Cf.
306 2550 342 2583 p.
359 2542 423 2573 210
437 2549 490 2583 sq.

165 2596 196 2635 2)
231 2594 286 2630 Cf.
310 2594 475 2639 Boeckh,
499 2593 614 2639 praef.
640 2605 672 2638 p.
692 2593 755 2626 IX.

166 2652 194 2691 3)
226 2649 280 2685 Cf.
307 2649 444 2685 Athen.
471 2661 504 2694 p.
530 2654 592 2684 573
612 2650 655 2684 C:
693 2647 755 2682 καὶ
786 2643 1017 2690 Χαμαιλέων
1051 2641 1069 2678 ὅ
1095 2641 1355 2690 Ἡρακλεώτης
1389 2642 1533 2687 ἱστορεῖ

57 2703 96 2742 ἐν
119 2709 173 2754 τῷ
198 2705 287 2752 περὶ
312 2704 514 2753 Πινδάρου.

168 2765 197 2805 ⁴)
228 2762 284 2798 Cf.
309 2763 435 2807 Hiller,
458 2762 530 2798 Die
551 2761 826 2798 Verzeichnisse
851 2760 915 2794 der
941 2758 1203 2793 Pindarischen
1221 2755 1408 2791 Gedichte.
1446 2755 1531 2790 Her-

56 2828 132 2853 mes
157 2817 246 2853 XXI
269 2829 304 2863 p.
323 2821 399 2853 359.
