1830 3201
312 165 392 202 290

308 275 588 315 Athenienses:
620 278 954 317 Lacedaemonios
986 280 1101 319 malle
1133 281 1309 332 captivos
1336 295 1572 333 recuperare
1603 285 1692 324 dum
1725 299 1786 325 res

308 343 406 381 bene
439 344 620 382 accidant
651 345 851 395 Brasidae,
882 347 950 384 sed
988 348 1077 396 „qui
1110 348 1240 387 adhuc
1271 344 1445 396 (1106ἔτι
1472 351 1587 390 valde
1609 365 1787 402 premen-

309 408 415 458 dum)
448 414 571 449 status
593 413 790 451 secundus
822 414 1011 452 Brasidac
1032 415 1120 465 sit“,
1152 417 1213 454 cui
1246 419 1466 467 oppositum
1495 423 1569 458 est:
1600 415 1672 457 ἐπὶ
1701 417 1786 471 μεί-

309 478 437 526 ζονος
470 472 754 529 χωρήσαντος
792 471 930 519 αὐτοῦ
967 479 1039 519 καὶ
1078 475 1300 522 (ἕντίπαλα
1337 480 1709 537 καταστήσαντος,
1745 492 1787 527 ut

308 547 405 584 benc
438 548 646 586 llerbstius
678 549 799 587 verba
830 553 975 588 vertat:
1011 552 1105 596 „wie
1136 552 1284 590 damals
1315 555 1417 591 noch
1449 554 1518 592 der
1540 555 1785 594 Glfickstand

307 613 375 652 des
407 615 468 652 Br.
501 616 620 654 war“.
679 617 863 655 Eiusdem
896 631 1013 666 porro
1044 619 1181 658 scholii
1220 621 1243 658 1.
1272 624 1420 661 54-9
1458 622 1630 661 reddunt
1660 624 1785 663 Thuc.

307 682 351 730 V,
376 685 437 731 15,
462 685 494 720 1.
522 685 558 730 2,
596 684 659 721 ubi
700 685 850 723 omissis
891 686 1101 724 levioribus
1141 687 1373 737 quibusdam
1404 690 1523 739 vitiis,
1560 690 1607 728 de
1645 692 1785 740 quibus

303 749 377 786 iam
411 749 554 787 dictum
588 755 657 797 est,
690 752 726 788 in
750 753 875 790 Thuc.
897 755 1006 791 textu
1041 754 1183 793 desunt
1206 757 1325 794 verba
1354 749 1539 806 μάλιστα
1561 753 1606 796 δὲ
1628 753 1669 795 οἱ
1690 757 1784 797 τῶν

306 812 550 866 δεδεμένων
588 823 809 868 συγγενεῖς
846 815 1003 871 ἐνῆγον
1041 819 1113 858 καὶ
1145 816 1423 873 ἐσπούδαζον
1459 816 1519 869 ὡς
1551 816 1604 862 ἂν
1635 819 1784 877 εἰρήνη

304 879 478 934 γένηται
509 884 545 932 (1.
568 890 604 924 ὃ.
626 883 682 935 9),
710 900 822 936 quae,
856 901 942 925 cum
965 888 1207 939 Steupius2³³)
1230 893 1441 940 praecipue
1464 895 1626 942 propter
1647 906 1783 932 vocem

303 946 579 1002 ἐσπούδαζον
610 955 657 992 ab
682 955 853 994 historici
875 968 1054 995 sermone
1078 958 1243 996 alienam
1271 959 1495 1008 Thucydidi
1522 961 1783 1000 abjudicanda

305 1032 389 1058 csse
421 1024 591 1072 putaret,
621 1022 950 1070 Sehroederusffl)
981 1025 1191 1064 intextum
1223 1027 1450 1076 recipienda
1480 1029 1692 1068 arbitratus
1713 1033 1782 1075 est,

304 1101 541 1138 quamquam
579 1102 708 1139 neque
739 1103 784 1129 eo
817 1092 901 1130 loco
940 1093 1004 1130 ubi
1036 1094 1074 1131 in
1106 1094 1253 1133 scholio
1291 1097 1446 1133 exstant
1481 1109 1609 1146 neque
1647 1097 1781 1135 eadem

303 1155 507 1204 scriptura.
572 1159 724 1196 Etenim
770 1171 856 1197 cum
895 1160 978 1208 ipse
1021 1161 1276 1200 intellexisset
1316 1164 1478 1201 verbum
1517 1156 1782 1214 σπουδάζειν

303 1223 512 1262 abhorrere
535 1237 557 1263 a
573 1225 819 1275 Thucydide,
841 1224 914 1264 καὶ
937 1219 1215 1278 ἐσπούδαζον
1236 1229 1305 1277 (Ξ
1322 1229 1360 1268 id
1381 1233 1438 1269 est
1453 1226 1565 1278 ἑσπ.)
1587 1232 1782 1281 glossema

302 1292 453 1340 putavit
485 1304 579 1341 csse,
612 1293 709 1331 falso
742 1295 778 1332 in
811 1298 960 1333 textum
993 1296 1139 1334 illatum
1172 1297 1221 1335 ad
1252 1298 1525 1348 explicandum
1548 1299 1781 1338 vocabulum

301 1352 469 1409 ἐνῆγον,
512 1364 554 1398 ut
583 1361 704 1399 verba
740 1362 796 1399 sic
826 1363 975 1412 scripta
1014 1357 1201 1413 μάλιστα
1243 1361 1287 1402 δὲ
1328 1360 1369 1402 οἱ
1410 1364 1500 1403 τῶν
1539 1363 1782 1417 δεδεμένων

301 1430 518 1476 σνγγενεῖς
545 1422 703 1479 ἐνῆγον
726 1418 785 1474 (ὃς
809 1421 862 1466 ἂν
885 1424 1034 1482 εἰρήνη
1056 1428 1229 1482 γένηται
1263 1433 1380 1471 inseri
1404 1434 1497 1472 velit
1526 1434 1626 1472 inter
1646 1428 1781 1485 ,πράσ-

302 1503 393 1530 σειν
424 1497 462 1532 et
491 1485 592 1532 ἄλλ’
614 1491 655 1532 οἱ
678 1486 913 1547 Άθηναῖοι.
972 1499 1034 1537 Ita
1071 1499 1327 1538 ratiocinatur
1362 1501 1645 1540 Schroederus:
1692 1503 1779 1549 „illo

300 1563 385 1600 loco
418 1575 495 1612 quo
528 1564 670 1602 tradita
692 1568 783 1603 sunt
805 1567 927 1604 verba
958 1568 1106 1616 scripta
1134 1580 1219 1606 esse
1251 1582 1328 1607 non
1358 1574 1536 1620 possunt,
1566 1583 1661 1620 ergo
1692 1583 1779 1610 cum

300 1631 401 1668 iuter
432 1625 735 1670 καταλύεσθαι
767 1636 805 1672 et
835 1631 1095 1682 σφαλέντων
1132 1636 1275 1675 lacuna
1312 1650 1388 1676 non
1421 1639 1482 1688 sit,
1519 1642 1586 1677 aut
1616 1652 1639 1677 a
1669 1640 1780 1678 scho-

300 1699 412 1737 liasta
446 1700 564 1738 verba
594 1700 728 1739 addita
758 1705 849 1740 sunt
879 1706 946 1740 aut
978 1704 1015 1740 in
1043 1704 1159 1742 alium
1189 1705 1315 1744 locum
1348 1706 1655 1756 transponenda,
1686 1720 1778 1757 quo-

301 1779 384 1803 rum
423 1780 509 1804 cum
546 1769 653 1816 prius
692 1782 768 1807 non
808 1770 1019 1810 ver1simile
1057 1772 1106 1810 sit
1145 1773 1236 1822 quia
1272 1787 1348 1812 non
1386 1774 1499 1813 facile
1538 1776 1778 1825 intellegitur

300 1834 441 1883 quibus
479 1836 605 1874 causis
642 1840 857 1875 commotus
893 1839 943 1876 sit
979 1839 1209 1878 scholiastes
1248 1845 1288 1879 ut
1324 1842 1444 1880 verba
1482 1855 1583 1892 quac
1621 1844 1778 1882 minime

300 1902 349 1940 ad
382 1914 489 1940 suam
521 1916 600 1941 rem
639 1906 862 1944 necessaria
893 1910 1006 1945 erant
1041 1907 1218 1958 adderet,
1255 1909 1327 1947 nisi
1364 1910 1395 1947 si
1428 1922 1474 1948 ea
1511 1911 1549 1947 in
1581 1910 1690 1949 libris
1721 1912 1778 1949 in-

299 1970 480 2017 venisset,
518 1971 683 2009 alterum
715 1985 848 2010 verum
882 1986 966 2011 esse
1004 1975 1119 2013 docet
1155 1976 1386 2015 scholiastes
1417 1977 1674 2028 Thucydidis,
1711 1979 1778 2028 qui

300 2049 385 2073 cum
418 2037 580 2075 adnotet
620 2028 680 2084 (ὃς
709 2030 760 2077 τὸ
793 2033 907 2084 εἰκὸς
946 2032 1027 2078 οὖν
1064 2036 1105 2078 οἱ
1137 2046 1356 2092 συγγενεῖς
1392 2033 1541 2081 αὐτῶν
1579 2038 1777 2096 σπουδὴν

299 2098 536 2141 ἐποιοῦντο
568 2108 776 2155 postremis
799 2108 938 2153 verbm,
971 2122 1071 2158 quae
1103 2110 1339 2159 explicando
1362 2105 1524 2161 ἐνῆγον
1551 2112 1776 2159 inserviant,

300 2171 439 2220 prohat
470 2184 510 2210 se
533 2173 606 2211 hoc
629 2174 717 2211 olim
739 2175 777 2212 iu
799 2178 907 2213 textu
932 2175 1113 2225 legisse“.
1171 2178 1362 2226 Exposuit
1383 2181 1511 2216 autem
1543 2179 1776 2219 scholiastes

299 2239 410 2276 11166;
458 2230 568 2302 ἧσαι
604 2253 685 2291 γαρ
725 2237 765 2278 οἱ
803 2241 1104 2293 Σπαρτιᾶταπ
1152 2236 1202 2282 τὸ
1241 2239 1281 2282 οἱ
1322 2240 1520 2283 ἐνταυθα
1558 2236 1655 2284 αντὶ
1694 2245 1776 2285 τοῦ

299 2300 422 2342 ἒιιοι·
455 2305 567 2356 ἠσαν
596 2301 676 2358 2129
698 2320 814 2354 τινες
841 2300 991 2348 αυτών
1021 2308 1301 2361 §.assonarent
1322 2324 1367 2350 τε
1397 2309 1467 2350 καὶ
1500 2310 1671 2364 πρῶτοι
1701 2311 1775 2352 καὶ

298 2378 390 2412 τοῖς
421 2367 614 2424 ,πρώτοις
646 2381 884 2426 συγγενεῖς·
918 2391 979 2424 ως
1006 2372 1056 2416 τὸ
1078 2370 1195 2424 εἰκὸς
1223 2374 1305 2417 οὖν
1328 2375 1369 2418 οἱ
1391 2386 1608 2431 συγγενεῖς
1638 2389 1772 2420 σπου-

300 2433 380 2490 δὴ)
411 2436 659 2479 ἐποιοῦντο.
722 2444 831 2491 Quae
853 2446 973 2484 verba
1003 2447 1124 2485 libere
1153 2447 1326 2486 concedo
1357 2460 1417 2486 me
1445 2461 1523 2487 non
1544 2450 1773 2499 intellegeie

299 2520 368 2544 cur
398 2508 567 2556 probent
595 2511 844 2549 scholiastam
876 2513 1017 2562 legisse
1046 2526 1092 2551 ea
1123 2526 1223 2563 quae
1253 2515 1291 2552 in
1314 2515 1461 2554 scholio
1483 2516 1771 2566 Aristophaneo

298 2575 565 2614 exhibeantur.
623 2578 744 2616 Immo
776 2580 872 2617 nulli
894 2580 958 2618 alii
981 2582 1035 2619 rei
1056 2581 1274 2620 inserviunt
1303 2583 1378 2620 n1si
1399 2585 1441 2622 ut
1462 2583 1670 2633 explicent,
1702 2596 1772 2623 cur

409 2728 452 2766 23)
487 2726 541 2762 Cf.
567 2727 657 2762 Mus.
677 2728 790 2763 Rhen.
816 2730 857 2765 N.
876 2731 914 2766 F.
937 2732 1043 2766 XXV
1068 2743 1102 2776 p.
1123 2736 1197 2768 288.

410 2784 453 2825 24)
485 2783 506 2817 l.
524 2793 554 2817 a.
579 2794 613 2828 p.
633 2787 685 2818 21.
707 2788 747 2819 47
764 2796 841 2830 sqq.
