1830 3201
292 182 344 218 94

405 292 543 331 Cetera
573 292 696 331 verba
725 292 763 330 in
794 283 900 329 -er'vco
932 291 1114 331 cadentia
1150 303 1302 342 semper
1333 290 1507 332 indicare
1538 292 1667 332 solent
1708 291 1772 331 ali-

293 372 407 409 quem
440 372 623 398 exercere
654 372 736 398 eam
769 360 972 409 actionem,
1004 372 1118 409 quam
1148 359 1311 398 denotat
1340 360 1638 399 substantivum.
1697 361 1774 399 Eo-

293 439 376 465 rum
407 427 639 476 significatio
671 428 795 477 primo
826 430 884 466 est
916 428 1175 473 intransitiva,
1207 428 1330 466 veluti
1351 421 1505 478 ἷερεύω
1532 429 1614 475 „als
1635 427 1775 478 Opfer-

291 495 460 544 priester
499 495 625 543 thatig
665 493 789 544 sein“,
835 495 1038 533 confestim
1079 498 1208 533 autem
1246 496 1470 534 accusativo
1513 495 1694 545 apposito
1735 495 1772 533 in

291 563 532 600 transitivam
554 563 631 600 vim
663 562 814 600 transit.
875 563 937 601 Sic
968 555 1122 611 ἱερεύω
1155 563 1274 612 vulgo
1306 563 1504 601 notionem
1527 563 1773 601 transitivam

292 629 442 679 aliquid
473 629 719 667 sacrificandi
749 630 913 679 accepit.
975 629 1125 667 Idcirco
1160 630 1400 668 couveniens
1432 632 1501 680 est,
1532 630 1564 668 si
1596 633 1773 668 naturam

291 709 337 734 ac
367 697 557 735 rationem
589 698 807 734 ceterorum
831 696 1039 734 verborum
1072 696 1110 733 in
1132 685 1244 733 -ev'co
1274 697 1501 735 exeuntium
1532 697 1776 747 respicimus,
1827 706 1828 709 ’

293 764 331 801 iu
354 756 514 801 δινεύω
545 764 743 813 propriam
767 764 843 801 vim
867 763 1113 802 transitivam
1144 764 1306 802 vorticis
1327 764 1451 802 instar
1481 763 1774 814 circumagendi

292 832 354 869 vel
384 831 539 869 rotandi
578 832 715 869 inesse.
774 831 850 870 Sed
892 832 922 869 si
958 831 1074 869 huius
1105 831 1213 869 verbi
1253 843 1365 869 usum
1397 832 1647 870 Homericum
1686 843 1774 870 con·

292 899 471 944 sumeris,
496 898 677 952 vreperies
708 898 993 936 intransitivam
1017 899 1215 937 notionem
1245 899 1367 937 multo
1390 898 1637 949 frequentius
1659 911 1773 948 quam

292 965 549 1014 transitivam,
580 964 699 1002 semel
720 964 989 1003 tantummodo
1018 965 1184 1015 obviam,
1215 969 1383 1004 exstare.
1441 966 1550 1004 Haec
1583 966 1689 1004 notio
1720 966 1774 1004 in-

292 1032 499 1071 transitiva
541 1045 564 1070 a
600 1032 721 1070 verbo
768 1027 898 1069 d'aevae'co
940 1033 1130 1071 simillime
1174 1036 1356 1079 sonante,
1402 1046 1572 1083 quocum
1616 1026 1774 1071 δινεύω

292 1101 421 1139 oriens
457 1100 585 1139 statim
624 1099 785 1138 mixtum
822 1103 892 1149 est,
933 1100 970 1137 in
1005 1101 1076 1139 hoc
1114 1101 1282 1139 influxit.
1339 1101 1428 1139 Huc
1465 1101 1627 1150 accedit,
1669 1101 1774 1151 quod

292 1168 540 1206 intransitiva
581 1168 639 1205 vis
680 1179 725 1205 eo
769 1166 920 1205 facilius
961 1168 1081 1207 verbo
1121 1161 1282 1206 διυεύω
1329 1169 1445 1218 potiri
1486 1171 1652 1218 poterat,
1697 1181 1774 1218 quo

292 1238 421 1275 minus
453 1236 652 1285 memoria,
689 1238 733 1273 ut
763 1236 817 1274 ita
848 1235 984 1285 dicam,
1021 1237 1240 1284 iuvabatur,
1277 1249 1364 1275 cum
1396 1237 1683 1276 substantivum
1716 1233 1775 1274 δι-

292 1297 391 1349 νεύς
423 1304 588 1342 deesset.

403 1373 438 1407 1.
476 1371 648 1410 Verbum
681 1372 939 1410 transitive
970 1371 1014 1410 Σ
1039 1375 1118 1412 543
1151 1372 1307 1422 legitur.

402 1441 461 1475 ΙΙ.
510 1439 827 1477 Intransitive
874 1442 1001 1478 exstat
1042 1439 1085 1477 >J
1115 1442 1193 1479 606
1242 1433 1351 1478 ὁοιώ
1394 1435 1440 1477 δὲ
1485 1438 1775 1491 κυβιστητῆρε

291 1498 387 1545 κατ’
408 1498 570 1551 αὐτοὺς
601 1502 606 1557 1
637 1505 810 1558 μολπῆς
846 1500 1110 1558 ἐξάρχοντος
1147 1502 1346 1545 ἐδίνευον
1384 1498 1497 1545 κατὰ
1531 1503 1715 1557 μέσσους
1728 1506 1773 1554 1);

291 1572 317 1612 d
340 1577 389 1614 19
418 1592 471 1604 =
493 1574 656 1621 §26063
693 1574 762 1612 sed
795 1570 820 1611 δ
842 1577 891 1613 19
930 1575 967 1613 in
1005 1578 1191 1614 contextu
1230 1576 1357 1614 locum
1395 1587 1507 1614 suum
1545 1587 1622 1613 non
1659 1575 1777 1614 habet
1828 1614 1830 1617 ,

290 1643 380 1681 item
413 1654 458 1679 ac
485 1654 546 1679 vv.
572 1645 620 1680 17
652 1644 690 1679 et
714 1644 776 1680 18.
836 1642 893 1679 Illi
916 1653 1052 1680 versus
1083 1646 1174 1681 sunt
1205 1646 1340 1691 aperte
1361 1655 1393 1680 ve
1420 1641 1464 1679 Σ
1481 1644 1702 1681 604-606
1735 1642 1773 1679 in

292 1709 492 1759 Odysseae
513 1710 640 1748 locum
673 1709 873 1747 transfusi.
925 1710 1088 1748 Wolfius
1110 1714 1147 1749 et
1168 1710 1375 1749 Bekkerus
1405 1723 1467 1749 vv,
1491 1713 1652 1750 15—19
1685 1723 1774 1749 con·
1826 1736 1827 1745 ,

292 1777 580 1816 demnaverunt
621 1777 747 1815 secuti
782 1777 926 1815 Athen.
950 1778 981 1815 V
1009 1790 1045 1827 p.
1069 1781 1145 1817 181
1162 1790 1193 1827 c,
1234 1779 1301 1827 qui
1339 1778 1609 1816 Aristarchum
1647 1778 1774 1827 ipsum
1827 1813 1830 1815 .

291 1846 434 1895 arguit,
471 1845 577 1894 quod
616 1845 675 1883 his
705 1845 885 1883 versibus
922 1845 1029 1882 illum
1065 1844 1267 1895 Odysseae
1303 1846 1429 1884 locum
1468 1845 1775 1895 interpolaverit.
1826 1855 1827 1863 ³

292 1913 380 1960 Qua
402 1914 574 1962 permira
591 1913 843 1951 accusatione
866 1913 1137 1951 Ar1starchum
1157 1914 1337 1952 liberavit
1359 1914 1544 1962 imprimis
1560 1912 1776 1962 Rumpfius,

291 1981 340 2019 de
377 1977 618 2031 γαμοποιιά
660 1981 840 2031 Menelai,
877 1981 1041 2020 Giessen
1080 1984 1205 2030 18463
1246 1981 1293 2019 cf.
1325 1981 1487 2019 Ameisii
1526 1981 1694 2031 append.
1724 1980 1774 2018 ad

292 2044 315 2084 d
340 2050 514 2087 15—19.
564 2047 746 2086 Ceterum
777 2049 927 2085 tantum
951 2060 1011 2085 vv.
1038 2050 1198 2086 17—19
1227 2049 1383 2097 spurios
1408 2059 1494 2086 esse
1526 2060 1611 2086 cum
1635 2048 1774 2086 Faesio

290 2116 433 2154 iudico.
491 2117 704 2154 Praeterea
731 2115 892 2153 verbum
924 2115 1170 2154 intransitive
1202 2115 1399 2164 reperitur
1425 2112 1459 2153 Δ
1481 2116 1578 2164 541;
1615 2113 1655 2152 Ψ
1674 2117 1775 2164 8753

291 2184 329 2220 ,Ω
354 2186 421 2228 12;
453 2194 478 2220 τ
501 2186 565 2222 67.

912 2237 945 2276 b.
984 2234 1152 2276 διυέο).

404 2313 534 2355 δινέο)
565 2331 586 2356 e
617 2318 862 2356 substantivo
894 2314 1014 2364 δῖψος
1044 2316 1230 2367 (vortex),
1262 2317 1373 2355 cuius
1403 2317 1489 2355 loco
1522 2317 1627 2367 apud
1661 2317 1772 2355 Hom.

291 2386 463 2424 occurrit
492 2385 721 2424 femininum
754 2381 871 2436 δίνη,
911 2389 970 2424 est
1000 2384 1144 2424 fictum.
1204 2385 1318 2433 Quod
1355 2384 1404 2423 ad
1437 2385 1600 2434 primam
1633 2385 1775 2423 attinet

292 2454 507 2502 notionem,
546 2453 708 2491 verbum
756 2453 1045 2492 intransitivum
1085 2452 1206 2491 fuisse
1255 2451 1505 2500 crediderim3
1551 2452 1693 2491 etenim
1733 2453 1772 2490 in
1827 2492 1830 2505 Ζ

405 2573 431 2611 ¹)
465 2570 572 2605 Hunc
597 2580 744 2604 versum
770 2574 806 2604 et
830 2570 1092 2605 antecedentes
1111 2579 1239 2604 versus
1263 2571 1300 2611 (a
1326 2572 1390 2603 590
1416 2579 1532 2613 usque
1558 2569 1604 2604 ad
1629 2570 1710 2611 606)
1733 2568 1770 2602 in

291 2627 388 2662 scuti
414 2626 705 2671 descriptionem,
739 2626 798 2660 cui
823 2626 895 2670 ipsi
932 2626 1046 2673 serior
1078 2625 1292 2659 attribuitur
1316 2628 1427 2667 aetas,
1461 2628 1590 2669 postea
1614 2634 1695 2659 esse
1720 2625 1771 2658 in-

296 2686 415 2717 sertos
447 2682 586 2726 primus
612 2681 792 2725 Clemens,
824 2682 869 2716 de
894 2680 1041 2716 Homeri
1066 2681 1182 2725 clipeo
1201 2679 1382 2723 Achilleo,
1407 2681 1510 2715 Bonn
1532 2684 1625 2724 1844,
1651 2683 1770 2715 osten-

292 2738 346 2772 dit
370 2747 525 2781 eumque
548 2737 667 2772 secuti
692 2736 883 2772 Ameisius
911 2741 948 2772 et
973 2736 1125 2771 Faesius
1149 2735 1195 2770 ad
1213 2735 1247 2770 h.
1265 2736 1287 2770 l.
1312 2737 1585 2780 dubitaverunt,
1609 2746 1695 2770 num
1720 2736 1771 2770 illi

292 2803 365 2828 una
388 2803 469 2828 cum
495 2792 636 2838 reliqua
661 2796 764 2837 parte
789 2791 1048 2837 descriptionis
1073 2792 1166 2826 scuti
1192 2791 1267 2826 sint
1291 2792 1504 2836 conscripti.
