1830 3201
264 157 345 193 320

263 258 479 314 κνύμενος
509 256 690 312 τρόπον,
722 268 764 299 ut
796 263 842 299 ab
865 263 1048 300 historico
1080 263 1174 300 artis
1203 263 1422 300 rhetoricae
1454 263 1736 300 studiosissimo

265 331 487 378 dependere
511 330 694 366 scholium
728 329 890 366 eluceat.
952 330 1028 365 Iam
1052 334 1286 377 quaerentes
1317 329 1403 377 quis
1425 329 1579 366 tandem
1604 341 1735 367 eorum

264 398 547 444 historicorum,
579 408 676 444 quos
710 395 903 445 Didymus
936 396 973 433 in
1006 407 1117 433 usum
1146 396 1300 433 vocavit
1331 398 1398 433 aut
1428 408 1571 434 vocare
1602 397 1739 445 potuit,

266 465 354 502 huic
385 465 438 501 rei
470 464 686 512 indulserit,
723 464 826 500 ultro
858 464 895 500 in
927 463 1126 512 Ephorum
1158 462 1384 511 incidemus,
1415 463 1596 501 Isocratis
1627 463 1737 501 disci-

265 533 412 581 pulum,
450 543 561 580 quem
594 531 660 568 tali
694 530 878 579 loquendi
911 531 1060 568 ratione
1097 543 1207 568 usum
1240 542 1325 568 esse
1362 530 1495 568 docuit
1524 530 1738 579 Volquard-

266 596 461 644 seniusflss)
524 598 673 636 Deinde
710 602 838 636 autem
877 598 926 635 ad
964 598 1130 636 eundem
1171 598 1266 635 alias
1297 598 1344 635 ob
1376 610 1513 636 causas
1549 598 1740 636 ducimur.

267 667 418 704 Etenim
457 665 561 714 quod
600 666 742 714 legitur
779 662 884 715 apud
923 665 1022 703 Plut.
1063 667 1118 702 De
1156 665 1301 702 Herod.
1333 666 1489 714 malign.
1526 679 1562 714 p.
1590 668 1668 704 855
1693 667 1739 703 F:

266 724 411 782 ὥσπερ
453 722 597 781 α’μέλει
639 728 738 782 περὶ
774 728 1120 782 Θεμιστοκλέους
1153 722 1334 781 Ἔφορος
1375 728 1454 781 μὲν
1494 726 1631 769 εἰπών
1671 724 1740 770 ὅτι

265 792 346 849 τὴν
379 796 632 836 Παυσανίου
664 794 910 849 προδοσίαν
941 789 1111 848 ἀνέγνω
1141 795 1213 835 καὶ
1244 790 1298 835 τα
1319 792 1600 849 ’πρασσόμενα
1629 791 1741 850 πρὸς

266 858 369 908 τοὺς
400 863 610 913 βασιλέως
642 859 924 917 στρατηγούς·
962 856 1055 903 ἀλλ)
1078 857 1158 903 οὐκ
1191 861 1375 917 ἐπείσθη
1408 856 1508 904 οὐδὲ
1537 862 1740 917 προσεδέ-

267 935 371 982 ξατο
403 930 696 983 κοινουμένου
735 930 807 970 καὶ
843 931 1214 986 παρακαλοῦντος
1246 923 1383 970 αι’-τὸν
1421 929 1492 970 ἐπὶ
1522 925 1597 979 τὰς
1627 928 1742 971 ἐλπί-

267 997 340 1045 δας
373 1001 436 1047 (cf.
470 1002 680 1039 Muellerus
712 1001 739 1049 Ι,
764 999 859 1046 265)
893 1001 1006 1050 plane
1039 1002 1223 1050 congruit
1254 1013 1339 1038 cum
1371 1001 1509 1038 scholii
1541 1003 1564 1039 l.
1588 1005 1638 1040 23
1670 996 1741 1038 ἐπὶ

267 1064 506 1118 προδοσίας
537 1064 654 1120 αἰτία
690 1064 850 1117 ψευδεῖ.
913 1067 1063 1106 Deinde
1097 1067 1258 1106 Diodori
1293 1069 1552 1106 narrationem
1585 1069 1650 1117 XI,
1678 1072 1742 1107 57.

267 1138 330 1184 58,
368 1148 482 1184 quam
518 1135 871 1185 Volquardsenius,
907 1148 928 1172 a
965 1136 1116 1172 Bauero
1155 1135 1179 1172 l.
1207 1148 1239 1172 a.
1276 1148 1311 1184 p.
1342 1138 1417 1173 117
1457 1136 1743 1184 comprobatus

267 1205 412 1252 optimo
435 1204 518 1240 iure
548 1203 597 1240 ad
622 1203 820 1252 Ephorum
854 1203 1007 1240 rettulit
1038 1202 1077 1249 (1.
1101 1216 1133 1240 a.
1166 1215 1201 1252 p.
1224 1202 1292 1249 57)
1325 1208 1596 1253 comparantes
1629 1204 1743 1241 maxi-

268 1283 348 1307 mas
380 1270 598 1307 videbimus
629 1269 915 1308 similitudines.
975 1270 1139 1318 Legitur
1170 1282 1254 1319 cap.
1277 1272 1340 1318 58,
1363 1273 1386 1309 3
1417 1291 1471 1295 —
1502 1276 1539 1308 et
1565 1271 1632 1308 tali
1655 1283 1743 1308 con-

267 1338 447 1386 gruentia
478 1337 533 1375 rei
565 1350 666 1386 quae
698 1337 746 1374 ad
774 1338 1038 1375 narrationem
1070 1337 1192 1386 ipsam
1226 1350 1303 1374 non
1337 1337 1440 1375 nimii
1472 1340 1532 1375 est
1562 1338 1744 1376 momenti

268 1405 454 1453 optimum
481 1405 632 1453 paritur
656 1404 930 1442 documentum
963 1425 1016 1428 —
1047 1395 1130 1440 τὸν
1164 1399 1208 1440 δὲ
1239 1400 1536 1453 Θεμιστοκλέα
1567 1396 1637 1441 διὰ
1667 1402 1745 1454 τῆς

267 1468 376 1516 ἰδίας
414 1469 618 1520 τελευτῆς
657 1460 900 1521 ἀπολογίαν
939 1460 1177 1508 ἀπολιπεῖν
1218 1467 1456 1521 καλλίστην
1493 1462 1562 1508 ὅτι
1598 1469 1745 1516 καλῶς

269 1529 536 1588 ἑπολιτεύθη
568 1531 621 1574 τα
653 1531 763 1587 πρὸς
795 1528 896 1582 τοὺς
919 1528 1125 1587 Ἕλληνας
1157 1537 1238 1575 fere
1267 1537 1431 1575 eundem
1455 1539 1492 1575 in
1515 1538 1669 1576 modum
1700 1550 1745 1575 ac

269 1605 389 1643 schol.
421 1605 443 1642 l.
465 1608 490 1643 4
521 1601 595 1641 καὶ
627 1603 732 1654 κτλ.,
764 1604 904 1642 deinde
931 1605 969 1642 in
993 1604 1128 1642 eadem
1152 1605 1420 1653 paragrapho:
1451 1600 1744 1654 σφαγιασθέν-

268 1684 343 1717 τος
375 1668 419 1709 δὲ
441 1665 607 1721 ταύρου
640 1701 647 1709 .
672 1702 678 1708 .
708 1665 787 1708 τὸν
820 1667 1115 1721 Θεμιστοκλέα
1147 1664 1306 1708 κύλικα
1328 1669 1409 1708 τοῦ
1431 1667 1613 1721 αἵματος
1633 1671 1743 1722 πλη-

269 1733 469 1789 ρώσαντα
499 1735 666 1776 ἐκπιεῖν
692 1737 955 1789 παραχρῆμα
982 1736 1248 1789 τελευτῆσαι,
1278 1738 1325 1776 cf.
1347 1740 1464 1776 schol.
1488 1740 1509 1776 l.
1529 1742 1578 1778 32
1595 1737 1745 1788 sqq.24),

271 1808 440 1857 denique
472 1812 535 1857 57,
559 1812 580 1847 6
614 1797 636 1843 ὁ
660 1803 705 1844 δὲ
726 1799 926 1854 βασιλεὺς
956 1801 1191 1858 περιχαρὴς
1222 1801 1455 1857 γενόμενος
1480 1837 1486 1843 .
1510 1836 1534 1853 .,
1567 1807 1614 1845 cf.
1637 1808 1658 1845 1.
1682 1810 1745 1856 51,

272 1880 313 1913 ut
352 1879 560 1925 utrumque
598 1881 635 1913 et
670 1876 878 1924 Didymum
913 1881 949 1913 et
980 1874 1330 1921 Aristodemum-²⁷)
1368 1888 1415 1912 ex
1452 1876 1598 1924 Ephori
1638 1877 1745 1914 libris

272 1947 312 1980 ut
330 1942 433 1980 fonte
452 1943 657 1992 principali
682 1944 857 1981 hausisse
879 1946 1026 1992 putem;
1049 1943 1228 1981 adhibuit
1246 1944 1523 1992 grammaticus
1544 1947 1745 1992 praeterea

383 2086 426 2123 23)
460 2085 480 2118 l.
499 2094 528 2118 a.
554 2087 748 2128 1].4quq.,
774 2087 815 2117 64
830 2095 907 2128 sqq.

384 2143 429 2181 24)
460 2141 529 2175 Ubi
563 2151 642 2174 cum
678 2141 858 2174 Diodorus
896 2151 967 2184 qua
999 2141 1187 2175 occasione
1227 2140 1441 2174 sacrificium
1479 2139 1614 2174 factum
1648 2145 1747 2174 esset

274 2197 463 2231 memoriae
489 2197 692 2239 tradiderit,
718 2197 896 2241 Didymus
922 2201 958 2231 et
979 2197 1235 2231 Aristodemus
1260 2207 1324 2241 pro
1348 2194 1484 2231 κύλικα
1510 2197 1637 2230 melius
1663 2193 1746 2240 φιά-

274 2254 339 2295 λην
376 2258 568 2295 (pateram)
605 2252 787 2287 exhibent.
848 2253 1014 2287 Ceterum
1057 2253 1101 2286 de
1137 2257 1250 2287 morte
1288 2254 1379 2286 tauri
1418 2253 1595 2296 sanguine
1632 2253 1745 2287 bibito

275 2310 404 2343 effecta
428 2309 470 2343 cf.
497 2310 718 2352 Roscherus,
742 2309 894 2344 Jahrbb.
912 2308 935 2343 f.
954 2309 1044 2343 Phil.
1067 2308 1239 2343 CXXVII
1266 2320 1297 2352 p.
1321 2312 1391 2343 123.

387 2368 429 2405 25)
463 2366 567 2406 Quod
593 2366 639 2398 ad
658 2366 928 2399 Aristodemum
954 2366 1087 2399 attinet
1110 2365 1180 2398 iam
1198 2365 1267 2407 alii,
1293 2364 1519 2406 Schaet'erus,
1546 2365 1566 2399 l.
1586 2375 1614 2398 a.
1641 2376 1674 2408 p.
1693 2368 1745 2407 81,

276 2421 533 2464 Buecheler-us,
558 2422 579 2455 l.
596 2433 625 2455 a.
645 2433 678 2465 p.
693 2425 766 2461 240,
795 2431 873 2455 eum
892 2421 1085 2465 praecipue
1105 2421 1249 2464 Ephoro
1268 2432 1371 2455 usum
1390 2431 1470 2455 esse
1489 2421 1746 2464 probaverunt,

276 2488 354 2509 cnm
390 2477 568 2519 Prinzius,
600 2478 620 2511 l.
645 2488 674 2511 a.
705 2489 738 2520 p.
768 2481 838 2519 1213,
872 2482 907 2512 et
940 2477 1167 2520 Matthiaeus,
1200 2477 1262 2521 qui
1296 2480 1405 2520 errat,
1438 2477 1536 2520 quod
1570 2486 1621 2519 ea,
1652 2486 1745 2520 quae

277 2533 407 2567 Suidas
434 2534 585 2577 praebet
610 2544 636 2567 s.
655 2545 687 2567 v.
711 2535 965 2577 Θεμιστοκλῆς
990 2534 1089 2568 artie.
1109 2533 1153 2575 ll,
1180 2544 1223 2567 ex
1250 2533 1486 2567 Aristodemo
1513 2533 1641 2566 hausta
1665 2543 1745 2566 esse

278 2593 382 2631 putat
409 2609 451 2613 —
481 2589 586 2623 immo
618 2600 636 2623 e
672 2589 808 2624 scholio
841 2590 1079 2633 transscripta
1109 2593 1196 2623 sunt
1225 2610 1266 2613 —
1295 2587 1431 2622 fontem
1465 2593 1606 2622 sumant
1639 2598 1745 2632 quem

279 2644 400 2677 dicunt
422 2645 646 2688 mediarium3
672 2646 866 2680 Muellerus
884 2650 1002 2680 autem
1020 2644 1156 2679 frustra
1180 2649 1306 2679 eontra
1323 2649 1511 2688 utramque
1529 2645 1745 2678 sententiam

279 2700 407 2733 nititur
440 2711 481 2734 ex
514 2702 604 2735 libro
636 2711 715 2735 eum
750 2701 913 2736 hausisse
950 2706 1048 2735 ratus
1081 2701 1251 2743 auctoris,
1283 2700 1463 2744 Philippo,
1497 2699 1679 2745 Amyntae
1709 2698 1745 2738 f.,

279 2756 403 2789 coaevi
429 2757 514 2790 t'uco
539 2758 694 2791 oratorio
720 2757 843 2792 tincto.
