1830 3201
229 175 280 211 14

223 285 289 333 qui
328 283 376 320 de
407 285 554 329 tenore,
590 281 721 317 littera
751 278 868 324 finali,
906 281 1106 316 structura
1138 278 1301 316 voculae
1332 256 1468 326 παρέξ
1504 276 1698 315 subtiliter

222 350 415 398 tractavit,
455 347 653 386 consociat
686 345 726 383 Ω
754 348 851 385 349;
891 340 931 383 οἱ
969 334 1119 382 δ’ὲπεὶ
1158 330 1241 381 οὖν
1277 339 1385 394 μέγα
1417 341 1527 394 σῆμα
1564 339 1701 393 παρὲξ

216 409 349 455 Ἴλοιο
383 410 571 452 ἔλασσαν
601 414 928 464 praepositionem
950 408 1088 463 παρέξ
1119 425 1205 450 eum
1227 411 1348 449 verbo
1377 412 1441 457 ita,
1474 414 1516 449 ut
1546 423 1702 449 aecusa-

225 487 329 524 tivus
361 497 382 521 a
409 484 529 521 verbo
561 483 643 521 solo
675 481 864 531 pendeat,
896 481 961 519 alii
987 476 1124 531 παρέξ
1154 480 1484 530 praepositionem
1512 480 1704 528 postposi-

224 558 301 592 tam
335 565 420 591 esse
452 554 603 601 putant.
663 551 720 589 Ae
752 563 838 588 oum
872 554 910 588 et
940 551 1087 598 tmesis,
1121 561 1222 598 quae
1250 550 1426 593 vocatur,
1458 548 1496 584 in
1529 547 1705 585 carmini-

226 623 297 660 bus
320 620 536 659 Homericis
564 621 601 657 et
629 619 774 657 multae
795 618 1092 667 postpositionis
1114 616 1450 666 praepositionum
1474 615 1663 664 reliquiae
1676 613 1704 659 ¹)

226 689 357 739 insint,
387 688 525 737 nequit
555 686 694 731 dirimi,
725 689 813 724 utra
843 685 1115 734 interpretatio
1147 685 1196 722 sit
1225 682 1515 732 anteponenda.

608 810 666 845 II.
703 810 769 845 De
801 808 967 845 omisso
1001 807 1181 844 obiecto
1212 804 1321 857 νῆα.

339 902 376 929 α.
409 890 616 929 Struetura
637 885 721 939 νῆα
743 880 1018 938 παρεξελάαν
1040 889 1170 925 exstat
1190 897 1218 935 μ
1238 888 1326 924 109.
1368 885 1510 923 Forma
1531 884 1707 935 παρεξε-

228 952 339 997 λάαν
370 959 432 997 hie
454 957 599 996 tradita
621 954 925 1002 Doederleinii2)
948 955 1016 993 illa
1037 954 1220 1004 suspicio,
1252 966 1299 991 ex
1323 965 1400 1002 qua
1423 952 1569 991 formae
1592 944 1707 989 ἐλάω

229 1027 375 1076 ubique
406 1026 585 1064 inhaeret
614 1024 862 1062 intransitiva
893 1025 1077 1072 potestas,
1108 1020 1327 1059 collabitur.

341 1105 374 1144 b.
413 1107 519 1144 Inter
548 1108 693 1143 certam
721 1102 967 1141 transitivam
991 1102 1067 1139 vim
1096 1102 1140 1150 (μ
1164 1098 1258 1146 109)
1290 1103 1328 1138 et
1356 1102 1500 1138 certam
1530 1099 1709 1137 intransi-

229 1176 346 1214 tivam
376 1174 454 1211 vim
486 1173 524 1210 in
554 1172 682 1210 medio
714 1171 950 1220 relinquitur
979 1181 1007 1219 μ
1029 1172 1081 1208 47
1116 1160 1227 1212 ἀλλὰ
1252 1157 1543 1217 παρεξελάαν.
1603 1167 1709 1204 Talis

229 1244 337 1281 loeus
369 1242 552 1290 illustrat,
582 1252 698 1290 quam
721 1238 971 1289 propinquae
1002 1238 1073 1275 sibi
1095 1238 1172 1275 sint
1199 1236 1426 1274 transitivae
1458 1238 1496 1273 et
1525 1235 1709 1273 intransi-

229 1311 331 1349 tivae
368 1308 684 1358 significationes,
730 1305 926 1356 quomodo
965 1317 1005 1343 se
1044 1305 1105 1342 hie
1143 1304 1253 1353 quasi
1285 1303 1481 1351 attingant
1518 1305 1555 1340 et
1586 1303 1710 1340 altera

232 1378 464 1428 significatio
502 1377 540 1414 in
579 1376 740 1414 alteram
780 1372 1107 1423 transgrediatur.
1164 1383 1192 1421 μ
1222 1374 1290 1410 55;
1329 1360 1468 1420 αὐτὰρ
1509 1363 1619 1420 ἐπὴν
1657 1363 1710 1420 δὴ

232 1439 309 1489 τάς
346 1457 390 1495 γε
431 1436 791 1494 παρεξελάσωσιν
828 1435 990 1490 ἑταῖροι
1036 1452 1160 1478 novus
1196 1439 1444 1477 aecusativus
1481 1438 1658 1488 pendens
1688 1450 1711 1475 a

232 1513 525 1563 praepositione
547 1507 700 1561 παρέξ,
723 1522 890 1559 quaeum
914 1508 1073 1546 verbum
1097 1510 1156 1545 est
1178 1507 1444 1556 compositum,
1467 1505 1623 1543 additus
1641 1507 1711 1543 est.

349 1592 650 1631 Consideremus
682 1602 786 1627 nuno
816 1588 970 1638 reliqua
1001 1588 1226 1637 composita,
1260 1588 1456 1636 quatenus
1488 1586 1584 1623 haee
1615 1597 1710 1634 qno-

233 1673 309 1710 que
342 1672 452 1698 usum
486 1659 596 1697 verbi
627 1657 811 1707 simplicis
844 1659 980 1694 secuta
1010 1656 1098 1694 sint.

796 1809 838 1850 4.
877 1804 1150 1849 ἐπελαύνει)

233 1898 383 1933 tantum
417 1895 453 1932 in
487 1893 607 1931 Iliade
640 1892 843 1930 transitive
876 1891 1133 1938 construitur,
1165 1889 1231 1927 sed
1264 1891 1391 1926 aetate
1422 1887 1709 1936 posthomerica

235 1964 390 2013 saepius
435 1961 682 1999 intransitiva
727 1962 900 2009 potestas
943 1958 1048 2008 apud
1097 1957 1356 2003 Herodotum,
1402 1955 1712 2005 Xenophontem,

235 2032 444 2068 Arrianum
487 2030 641 2077 legitur.
706 2026 910 2075 Significat
950 2027 1012 2063 hio
1057 2024 1222 2071 „infesto
1265 2025 1421 2061 incursu
1464 2024 1500 2060 in
1545 2023 1710 2071 aliquem

237 2098 342 2147 ferri,
378 2096 595 2146 eqnitare“,
635 2096 750 2133 etiam
787 2093 1035 2144 „p1·ogredi“.
1093 2093 1277 2130 Proxima
1315 2092 1421 2129 notio
1458 2103 1529 2140 per
1560 2090 1709 2139 ellipsin

236 2166 375 2202 obiecti
409 2156 620 2214 στρατιάν
651 2165 788 2202 exorta
818 2165 886 2200 est.

793 2315 835 2357 5.
874 2309 1164 2355 εἰσελαύνω

239 2398 313 2436 vel
343 2398 519 2435 rectius
550 2389 771 2434 εἰσελάω
808 2396 912 2441 (nam
950 2395 1111 2433 verbum
1148 2394 1222 2432 hae
1260 2393 1342 2431 sola
1379 2392 1504 2430 forma
1541 2389 1714 2440 legitur),

240 2466 312 2503 etsi
344 2478 422 2502 non
454 2465 570 2514 plane
607 2464 752 2502 factum
784 2466 841 2500 est
876 2462 1177 2509 intransitivum,
1214 2464 1342 2498 tamen
1374 2470 1400 2496 ν
1424 2463 1518 2498 113:
1556 2447 1649 2495 ἔνθ’
1672 2452 1719 2494 οἵ

239 2522 276 2582 γ)
298 2528 524 2569 εἰσέλασαν
560 2528 666 2581 πρὶν
697 2524 879 2574 εἰδότες·
917 2518 942 2579 ἦ
974 2525 1054 2578 μὲν
1085 2522 1233 2565 ἔπειτα
1272 2519 1440 2578 ἠπείρῳ
1478 2521 1711 2563 ἐπέκελσεν

242 2592 283 2649 (ἡ
315 2600 394 2637 soil.
422 2596 543 2650 νηῦς)
584 2598 856 2636 intransitivae
895 2597 1042 2634 notioni
1083 2608 1177 2633 sane
1213 2607 1326 2644 quam
1368 2593 1714 2644 appropinquavit.

356 2720 383 2758 ¹)
406 2714 461 2749 Cf.
488 2715 718 2758 Delbrueek.,
744 2713 847 2758 Synt.
866 2714 1013 2747 For-seh.
1036 2712 1097 2754 lV,
1117 2715 1189 2746 153.

354 2774 383 2811 ²)
415 2771 534 2806 Gloss.
553 2770 655 2804 Hom.
681 2780 733 2803 nr.
752 2772 827 2803 493.
