1830 3201
283 182 305 217 3
311 182 364 216 00

285 295 364 328 tum
397 302 474 327 una
497 300 582 326 cum
605 287 886 336 Aristophontc
909 290 946 323 et
969 286 1130 323 Melesia
1151 284 1448 323 Lacedaemona
1471 286 1642 334 missum,
1674 296 1758 322 cum

286 359 422 394 contra
453 356 476 392 l.
502 356 550 392 VI
583 345 656 403 (ς’).
689 357 780 402 105,
802 357 838 402 2,
869 366 945 402 quo
969 353 1052 391 solo
1075 353 1160 391 loco
1184 356 1388 401 praeterea
1410 353 1642 390 mentionem
1671 352 1764 390 facit

285 424 526 472 Laespodiae
569 421 833 471 Thucydides,
880 421 1074 469 legamus:
1119 413 1221 457 τότε
1268 416 1313 457 δὲ
1358 412 1642 469 Πυθοδώρου
1688 415 1759 455 καὶ

284 487 556 529 Λιιισποὸίου
587 486 659 526 καὶ
681 479 942 539 Δημαράτου
971 478 1200 537 ἀρχόντων
1230 478 1476 534 ἀποβάντες
1503 482 1545 532 ἐς
1568 478 1760 524 Ἐπίδαυ-

284 570 364 609 ρον
396 588 403 595 .
438 588 445 595 .
480 588 486 594 .
519 550 725 606 ἐδῄωσαν.
787 557 892 605 Ergo
932 558 1000 593 aut
1032 558 1144 593 vetus
1181 555 1388 604 interpres,
1428 567 1513 592 cum
1554 558 1762 602 utrumque

283 628 409 665 locum
452 627 650 674 cognitum
690 625 861 670 haberet,
905 624 1111 662 memoriae
1152 624 1302 672 lapsum
1343 624 1381 661 in
1422 635 1463 661 se
1503 622 1658 660 admisit
1698 625 1764 660 aut

282 696 365 743 ipse
393 696 599 742 utramque
624 692 884 730 narrationem
913 692 1105 741 exposuit,
1135 693 1273 740 postea
1299 690 1426 729 altera
1448 691 1589 728 omissa
1611 689 1762 727 numeri

283 762 470 799 librorum
502 761 601 799 inter
632 772 672 798 se
705 759 857 797 confusi
889 757 1044 805 sunt.2³⁶)

396 838 464 885 31)
507 839 633 878 Schol.
659 840 750 887 Lys.
781 841 875 877 107:
908 830 1101 874 σκώπτει
1129 832 1173 873 δὲ
1205 833 1395 885 συνεχῶς
1415 831 1656 886 Μιλησίους
1687 831 1760 872 καὶ

283 903 487 956 κωμῳὸέῖ
517 895 576 950 (ὃς
606 898 798 955 μοιχους,
830 898 977 955 ἐπειδὴ
1009 893 1258 954 ἀπέστησαν
1286 901 1380 940 τῶν
1410 893 1655 954 Ἀθηναίων
1687 898 1761 939 καὶ

282 971 440 1011 πολλοὶ
485 971 576 1011 τῶν
623 970 862 1023 νησιωτῶν,
906 973 971 1010 ubi
1013 973 1178 1021 primum
1222 971 1395 1021 quidem,
1439 984 1525 1009 cum
1568 971 1762 1020 quomodo

283 1043 478 1080 sententia
524 1034 672 1091 ἐπειδή
720 1052 846 1090 usque
897 1040 945 1077 ad
992 1040 1104 1078 finem
1157 1051 1275 1077 causa
1324 1038 1489 1077 indicari
1541 1039 1663 1088 possit
1712 1039 1762 1076 ir-

285 1109 434 1147 ridendi
467 1122 544 1147 non
576 1109 670 1147 satis
700 1108 965 1157 intellegatur,
996 1107 1072 1146 duo
1096 1107 1246 1145 scholia
1276 1107 1347 1145 sub
1371 1119 1447 1145 uno
1470 1107 1649 1144 lemmate
1672 1118 1761 1144 con-

285 1178 442 1215 fluxisse
463 1177 651 1224 videmus,
682 1188 782 1225 quae
814 1177 867 1213 ita
897 1180 988 1213 sunt
1018 1175 1269 1220 secernenda,
1308 1177 1350 1212 ut
1381 1167 1574 1211 σκώπτει
1596 1194 1648 1198 -
1669 1184 1760 1223 μοι·

281 1238 384 1294 χούς
421 1245 615 1293 pertineat
651 1243 699 1281 ad
733 1233 828 1280 ἀλλ)
850 1233 951 1280 οὐδὲ
981 1240 1153 1292 μοιχοῦ;
1190 1235 1339 1292 ἐπειὸὴ
1366 1262 1420 1266 -
1448 1239 1677 1292 νησιωτῶν
1712 1241 1762 1278 ad

283 1308 328 1359 ἐξ
359 1299 410 1348 οὗ
447 1303 527 1361 γὰρ
564 1300 686 1361 ἡμᾶς.
748 1312 916 1360 Propter
947 1310 1067 1348 verba
1102 1307 1175 1347 καὶ
1205 1305 1369 1347 πολλοὶ
1404 1307 1495 1346 τῶν
1533 1306 1763 1359 νησιωτῶν

283 1392 360 1417 non
394 1393 413 1417 e
446 1382 583 1428 poetae
616 1379 737 1427 ipsius
769 1379 900 1416 verbis
931 1377 1181 1416 scholiastam
1219 1390 1298 1415 rem
1331 1377 1509 1414 hausisse
1548 1379 1655 1425 puto,
1691 1375 1761 1414 sed

283 1448 477 1496 cognitam
511 1446 694 1484 habuisse
724 1446 849 1483 Thuc.
874 1446 977 1494 VIII,
1008 1448 1068 1483 14.
1098 1448 1158 1484 16.
1191 1448 1250 1483 17.
1282 1447 1330 1483 19
1371 1445 1646 1493 narrationem,
1684 1456 1762 1492 qua

283 1515 329 1552 de
364 1514 460 1563 Chii,
491 1514 764 1563 Erythrarum,
795 1513 1127 1558 Clazomenarum,
1158 1513 1240 1561 Tei,
1277 1512 1434 1561 Lebedi,
1465 1512 1627 1549 aliarum
1659 1511 1763 1549 insu-

282 1582 407 1619 larum
441 1584 479 1619 et
509 1582 663 1620 urbium
696 1580 917 1619 defectione
948 1581 1088 1629 agitur.

395 1659 462 1706 32)
501 1660 628 1698 Schol.
653 1662 746 1698 Ran.
774 1663 890 1699 1463.
919 1662 981 1698 65.
1028 1659 1088 1696 Ad
1112 1660 1207 1696 Ran.
1228 1661 1333 1698 1463
1357 1659 1429 1696 tria
1451 1657 1650 1706 adscripta
1672 1660 1762 1695 sunt

280 1729 444 1766 scholia:
477 1729 493 1765 I
526 1729 549 1765 l.
579 1730 755 1776 36-39,
786 1729 823 1765 Π
854 1729 878 1765 l.
900 1730 1076 1775 39—41‚
1109 1727 1164 1764 III
1197 1727 1219 1764 l.
1248 1729 1426 1773 41—46‚
1462 1725 1568 1774 quod
1601 1725 1709 1762 abest
1739 1738 1761 1762 a

283 1797 314 1832 lt
327 1797 356 1832 V
390 1799 428 1833 et
459 1797 566 1833 clara
588 1796 752 1845 vestigia
784 1795 983 1833 doctrinae
1007 1794 1247 1842 Byzantinae
1279 1806 1373 1842 prae
1396 1805 1437 1830 se
1459 1792 1535 1831 fert
1566 1791 1630 1839 (cf.
1649 1788 1758 1841 μέγα

280 1855 439 1912 βοήσας
470 1862 564 1899 κτλ.
600 1864 622 1900 l.
645 1862 725 1908 44).
784 1863 845 1900 Ad
877 1874 996 1900 unum
1026 1862 1343 1899 commentarium
1377 1861 1503 1898 omnia
1534 1859 1760 1897 referuntur

399 2005 443 2046 36)
478 2003 556 2037 Non
589 2003 693 2036 aliam
727 2003 899 2037 librorum
930 2002 1149 2036 divisionem
1174 2021 1217 2025 —
1243 2001 1334 2035 duae
1363 2000 1457 2034 enim
1491 2003 1679 2043 praeterea
1703 2009 1760 2033 ex-

279 2059 438 2101 stabant,
464 2059 502 2092 in
528 2069 655 2093 novem
682 2062 717 2092 et
741 2059 777 2092 in
804 2058 978 2092 tredecim
1005 2058 1114 2092 libros
1140 2077 1181 2081 -—
1208 2056 1404 2090 adhibitam
1429 2065 1513 2090 esse
1538 2055 1622 2089 inde
1647 2058 1760 2098 patet,

281 2116 378 2159 quod
404 2126 523 2159 neque
549 2116 595 2149 ad
612 2116 825 2150 alterutram
844 2115 1017 2150 convenit
1041 2114 1171 2149 librum
1190 2117 1333 2148 sextum
1359 2113 1441 2147 olim
1459 2115 1625 2147 octavum
1643 2111 1758 2146 fuisse

280 2182 398 2215 neque
423 2172 494 2205 alio
520 2173 600 2206 loco
625 2172 661 2205 in
687 2171 836 2206 scholiis
868 2181 975 2205 unam
1005 2180 1048 2204 ex
1075 2169 1130 2204 his
1157 2169 1432 2203 recensionibus
1465 2168 1630 2202 videmus
1657 2178 1758 2202 usur-

280 2232 410 2271 patam.
464 2229 532 2262 Per
563 2228 627 2262 hoc
660 2227 772 2271 igitur
805 2227 980 2261 scholium
1014 2229 1086 2260 stat
1119 2226 1215 2269 quod
1243 2224 1545 2259 Wilamowitzius
1578 2224 1758 2268 exposuit,

280 2284 357 2318 Ind.
382 2285 461 2318 lect.
489 2284 587 2318 Gott.
613 2288 740 2318 aestat.
762 2288 845 2318 1885
875 2294 908 2326 p.
930 2287 946 2316 7
974 2282 1227 2326 grammaticos
1253 2286 1288 2315 et
1313 2280 1474 2315 rhetores
1500 2278 1656 2314 fortasse
1683 2280 1759 2314 sola

282 2349 368 2372 usos
385 2349 465 2373 esse
478 2339 703 2373 octateucho.
737 2340 908 2374 Ceterum
927 2337 1161 2380 Brandesius‚
1180 2336 1330 2371 ObserV.
1346 2336 1460 2370 critic.
1479 2335 1522 2369 de
1541 2345 1630 2368 com.
1648 2334 1756 2377 aliqu.

282 2394 382 2428 attic.
400 2398 520 2439 temp.⁷
546 2395 839 2429 Rostoohii1sss
865 2406 899 2438 p.
918 2398 970 2436 36,
1004 2394 1065 2438 qui
1097 2393 1198 2427 solus
1230 2393 1297 2426 hoc
1331 2391 1469 2426 scholio
1502 2391 1666 2425 offensus
1691 2394 1758 2431 est,

279 2450 383 2483 aliter
414 2450 541 2484 vitium
576 2451 746 2495 explicat,
783 2461 863 2484 cum
896 2454 1003 2494 putet
1036 2449 1223 2484 exstitisse
1255 2448 1338 2482 olim
1372 2442 1421 2488 ὡς
1457 2445 1681 2490 Θουκυδίδης
1715 2442 1756 2481 ἐν

282 2507 310 2538 Ε
326 2512 404 2548 ες
431 2507 505 2548 (vel
530 2506 686 2540 fortasse
707 2508 763 2550 Z),
790 2507 853 2540 sed
880 2506 925 2540 de
946 2507 976 2539 Z
999 2505 1151 2549 cogitari
1176 2515 1249 2538 non
1274 2507 1406 2547 potest,
1432 2513 1513 2537 nam
1540 2507 1576 2537 et
1599 2503 1636 2536 in
1655 2502 1757 2536 scho-

279 2562 334 2595 liis
360 2562 449 2596 liber
475 2566 602 2596 sextus
628 2563 730 2605 signo
757 2568 775 2604 ς
799 2562 980 2596 indicatur
1009 2560 1070 2602 (cf.
1097 2561 1206 2594 schol.
1225 2559 1317 2593 Ach.
1335 2559 1416 2601 270)
1450 2562 1486 2592 et
1510 2558 1655 2591 omnino
1689 2556 1756 2590 hoc

279 2618 385 2660 signo
412 2628 498 2652 usos
525 2627 605 2652 esse
640 2623 675 2652 et
701 2618 928 2661 Thucydidis
962 2617 1176 2652 scholiastas
1209 2619 1246 2650 et
1278 2616 1498 2659 quicumque.
1523 2625 1542 2648 e
1567 2614 1756 2648 veteribus

278 2683 343 2717 per
361 2684 530 2708 numeros
548 2677 719 2708 notarent
743 2674 907 2708 historici
926 2674 1036 2709 libros
1054 2672 1352 2708 Wilamowitzius
1371 2671 1546 2715 exposuit
1570 2671 1590 2705 l.
1609 2680 1638 2704 a.
1665 2681 1697 2713 p.
1716 2673 1756 2718 83

278 2730 403 2763 nescio
431 2734 550 2764 autem
581 2740 626 2764 an
659 2728 806 2764 facilius
837 2740 936 2764 error
968 2730 1170 2773 explicetur
1195 2738 1274 2762 mea
1307 2727 1447 2762 ratione
1482 2737 1588 2770 quam
1614 2735 1657 2760 ea
1680 2736 1756 2759 cor-

278 2785 420 2828 ruptela
443 2785 606 2820 adhibita
636 2795 740 2829 quam
767 2786 883 2819 voluit
908 2785 1144 2820 Brandesius.
