1830 3201
293 168 373 204 ⁴278

292 274 499 326 μέτωπον
530 272 654 326 ἔχειν,
685 281 778 321 τοῖς
801 272 845 313 δὲ
872 274 1091 322 βασιλεῦσι
1121 266 1276 327 ὀρθήν.
1337 277 1557 327 Utrumque
1581 279 1770 316 scholium

294 345 342 382 ad
375 345 585 392 Didymum
617 343 774 392 recedit,
805 344 887 381 sive
919 343 967 380 ad
1000 356 1100 392 eum,
1131 356 1153 381 a
1182 356 1258 392 quo
1292 345 1353 381 hic
1385 346 1587 384 consultus
1619 349 1677 384 est
1708 345 1772 392 (cf.

294 425 329 460 p.
357 411 465 455 232).
524 411 597 458 Qui
635 423 712 448 rem
752 424 772 447 e
809 410 992 449 Clitarchi
1028 408 1122 447 τῶν
1158 401 1253 447 κατ’
1284 401 1568 462 Ἀλέξανδρον
1606 413 1704 451 libro
1738 415 1772 451 X

296 479 471 515 hausisse
509 479 593 526 ipse
624 478 781 515 indicat.
840 477 956 526 Apud
991 479 1171 515 Photinm
1204 490 1232 515 s.
1255 491 1290 515 v.
1316 475 1444 528 τίαρα
1476 480 1635 527 legitur:
1676 473 1773 518 κόσ-

291 557 370 595 μος
401 538 722 593 ἐπικεφάλαιος,
754 535 806 595 ἢν
838 539 878 581 οἱ
900 543 1088 591 βασιλεῖς
1107 538 1236 594 μόνοι
1259 535 1403 595 ὀρθὴν
1432 538 1626 596 ἐφόρουν
1653 539 1774 598 παρὰ

295 610 491 663 Πέρσαις,
523 608 562 649 οἱ
586 609 630 649 δὲ
654 609 883 663 στρατηγοὶ
915 608 1192 663 κεκλιμένην,
1226 613 1370 651 deinde
1402 613 1450 651 de
1474 615 1683 653 Demarato
1716 627 1772 653 se-

294 682 426 730 quitur
459 682 640 729 narratio,
673 669 732 725 ὡς
756 671 985 730 Φύλαρχος
1007 675 1055 717 ἐν
1078 671 1117 716 ι’.
1180 680 1286 718 Idem
1319 685 1447 719 exstat
1477 682 1582 731 apud
1615 682 1773 721 Suidam

292 762 321 786 s,
343 749 478 786 eadem
503 761 534 784 v.
567 748 631 795 (cf.
659 749 876 786 Muellerus
904 749 921 785 I
953 761 988 797 p.
1011 747 1120 794 339).
1177 749 1257 786 Iam
1281 761 1366 787 cum
1390 741 1513 787 yerba
1534 749 1616 788 fere
1638 750 1771 789 eadem

293 817 370 853 sint
420 828 587 864 cumque
634 815 852 853 Clitarchus
904 828 1114 863 numquam
1168 816 1371 853 consultus
1423 817 1471 854 sit
1521 817 1558 854 in
1605 817 1775 866 scholiis,

294 883 517 931 Phylarcho
549 886 679 920 autem
713 883 818 920 aliud
851 883 981 920 deberi
1015 883 1205 921 scholium
1240 884 1312 920 iam
1338 884 1563 933 viderimus,
1594 885 1772 934 equidem

293 964 378 988 cum
403 949 722 998 Βει·ι]1]ῑιι·(1γο”29)
745 954 840 999 puto
863 950 925 987 hic
948 962 1082 987 errore
1104 951 1261 998 saepius
1279 952 1480 989 commisso
1505 949 1774 1002 Κλείταρχος

293 1031 363 1066 pro
388 1008 617 1066 Φύλαρχος
648 1018 833 1065 scriptum
867 1030 964 1065 esse,
996 1021 1037 1054 ut
1068 1017 1329 1066 fragmentum
1363 1019 1548 1056 Clitarchi
1580 1019 1677 1057 libro
1710 1019 1774 1057 de-

292 1087 388 1123 cimo
420 1085 468 1122 sit
498 1085 821 1134 abiudicandum3
856 1085 902 1122 cf.
932 1085 1073 1133 Muell.‚
1108 1085 1174 1122 Ed.
1198 1086 1350 1122 Arriani
1375 1086 1505 1124 Didot.
1538 1100 1573 1136 p.
1599 1090 1660 1125 74.

885 1413 1060 1465 caput
1095 1413 1183 1456 IV.

403 1512 700 1561 Thucydidis
724 1512 973 1550 historiarum
999 1525 1108 1550 usum
1139 1512 1216 1550 late
1238 1513 1373 1561 vigere
1401 1513 1437 1550 in
1461 1512 1618 1550 scholiis
1640 1525 1710 1561 per
1731 1525 1770 1551 se

292 1581 433 1625 elucet,
465 1581 611 1629 quippe
640 1581 705 1629 qui
729 1581 1037 1617 luculentissime
1066 1581 1103 1618 in
1127 1581 1220 1629 ipsis
1246 1581 1291 1617 iis
1313 1580 1430 1617 rebus
1451 1580 1667 1635 narrandis
1687 1593 1773 1618 ver-

291 1650 396 1684 satus
434 1648 493 1691 sit,
531 1660 633 1696 quae
665 1648 711 1684 ad
745 1650 900 1696 tempus
938 1660 960 1684 a
991 1652 1106 1696 poeta
1145 1647 1382 1695 descriptum
1420 1647 1657 1696 pertineant.
1716 1649 1774 1685 De

294 1714 580 1752 necessitudine
611 1718 754 1763 autem,
791 1728 893 1763 quae
925 1716 1026 1752 inter
1056 1715 1289 1752 scholiastas
1329 1717 1367 1752 et
1399 1701 1631 1752 historicum
1657 1715 1772 1753 inter-

293 1782 405 1829 cedit,
436 1782 709 1831 disputaturus
741 1795 823 1820 eam
847 1783 948 1820 viam
972 1783 1186 1830 ingrediar,
1218 1786 1260 1820 ut
1291 1784 1454 1831 primum
1488 1795 1588 1831 quae
1618 1783 1666 1820 ad
1690 1795 1774 1820 ver-

293 1850 381 1886 bum
416 1851 676 1899 transscripta
702 1851 779 1888 sint
810 1863 1013 1899 exponam,
1046 1849 1186 1887 deinde
1220 1850 1283 1887 ubi
1319 1853 1591 1897 argumentum
1624 1853 1773 1887 tantum

292 1916 340 1952 ab
373 1916 557 1953 historico
595 1917 757 1965 petitum
793 1917 842 1953 sit
881 1917 1018 1953 dicam.
1078 1918 1118 1954 In
1161 1917 1290 1965 priore
1331 1920 1439 1964 parte
1479 1917 1773 1954 antecedentem

292 1984 416 2020 haheo
449 1984 488 2020 F.
518 1984 862 2029 Scln·oederum¹)‚
900 1996 1134 2033 quamquam
1173 1987 1216 2021 ut
1253 1984 1315 2021 hic
1351 1987 1470 2021 totam
1502 1984 1773 2033 quaestionem

294 2051 508 2087 absolverit
541 2052 657 2100 louge
688 2052 807 2089 abest.

407 2119 558 2155 lIausta
588 2119 706 2167 igitur
737 2122 827 2156 sunt
858 2131 878 2155 e
908 2118 1152 2167 Thucydidis
1183 2119 1308 2156 libris:

409 2184 445 2229 1)
489 2184 616 2223 Schol.
637 2186 733 2223 Ach.
759 2189 835 2224 145
868 2206 918 2209 —-
953 2199 1040 2224 nam
1065 2186 1112 2223 ad
1138 2189 1216 2224 134
1239 2186 1334 2223 nihil
1356 2188 1483 2224 exstat
1514 2185 1619 2234 quod
1642 2198 1662 2223 e
1684 2190 1774 2235 poe-

294 2256 356 2288 tae
388 2253 517 2290 verbis
548 2253 640 2290 oriri
674 2265 751 2290 non
783 2254 954 2302 potuerit
986 2274 1035 2278 —
1067 2254 1101 2290 I:
1138 2250 1305 2290 τοῦτον
1336 2248 1527 2303 πολίτην
1558 2248 1774 2303 ἐποίησαν

295 2310 516 2368 Ἀθηναῖοι
546 2317 628 2356 τοῦ
648 2313 815 2369 πατρὸς
838 2314 1047 2369 στρατιὰν
1076 2310 1224 2364 αὐτοῖς
1255 2316 1651 2369 παραπέμποντος·
1684 2315 1771 2356 ἐλέ-

293 2396 392 2433 γετο
426 2382 470 2422 δὲ
506 2374 636 2430 οὗτος
672 2380 815 2437 Τήρης.
868 2388 919 2424 11:
958 2381 1064 2424 ἔνιοι
1104 2383 1150 2424 δέ
1179 2395 1313 2434 φασιν
1351 2376 1418 2423 ὅτι
1450 2379 1682 2436 ὁμώνυμος
1719 2378 1775 2436 ἦν

293 2449 355 2501 τῷ
379 2449 512 2502 πατρὶ
535 2446 756 2498 Σιτάλκει,
786 2447 1005 2503 σύμμαχος
1030 2445 1275 2504 Άθηιάίων
1308 2453 1345 2499 (e
1368 2455 1594 2492 coniectura
1611 2453 1771 2491 Valcke-

296 2520 417 2556 naerii
449 2519 496 2556 ad
530 2520 674 2557 Herod.
704 2522 767 2568 lV,
788 2520 869 2565 80).
919 2521 991 2558 Ill:
1022 2516 1231 2571 μέμνηται
1267 2516 1560 2571 Θουκυδίδης,
1590 2517 1773 2570 προστί-
1825 2559 1827 2562 ⁴

392 2662 434 2697 29)
468 2661 508 2693 In
534 2660 620 2694 edit.
640 2659 774 2694 Suidae
799 2661 844 2694 ad
870 2661 890 2694 l.
908 2670 937 2694 a.

408 2718 435 2755 ¹)
469 2714 524 2749 Cf.
550 2715 718 2758 Thucyd.
743 2715 865 2750 histor.
892 2716 1060 2750 memoria
1092 2726 1186 2759 quae
1219 2720 1360 2759 prostat
1393 2726 1448 2760 ap.
1473 2716 1674 2751 Aristidem
1701 2720 1771 2751 etc.

296 2770 484 2812 Goetting.
506 2773 602 2805 1887.
