1830 3201
315 179 367 215 46

434 288 654 336 Composita
685 288 801 326 huius
833 289 939 326 verbi
975 289 1078 338 apud
1111 290 1321 326 Homerum
1361 289 1474 327 modo
1506 290 1624 327 solam
1656 289 1796 328 transi·
1828 335 1829 338 ¹

315 356 430 393 tivam
474 355 587 393 modo
630 356 913 394 intransitivam
953 358 1030 394 vim
1070 357 1226 405 habent,
1267 356 1334 393 sed
1376 359 1465 405 post
1495 358 1705 395 Homerum
1744 357 1794 395 ad

313 424 470 460 alteram
510 423 630 460 altera
669 424 774 461 notio
814 425 991 462 accessit.
1050 425 1233 463 Similiter
1270 436 1333 461 res
1371 436 1412 461 se
1449 424 1566 462 habet
1603 425 1640 462 in
1672 425 1794 463 verbo

314 482 521 539 ὁρμαίνω,
562 490 668 539 quod
712 492 859 539 pariter
900 504 945 529 ac
983 493 1145 529 verbum
1187 480 1337 540 ὁρμάω
1378 492 1425 528 ab
1467 491 1601 529 eodem
1641 493 1822 529 nomine

314 546 424 607 ὁρμή
467 557 623 594 ductum
667 561 740 606 est,
789 559 892 607 apud
936 560 1147 597 Homerum
1196 559 1279 595 sola
1322 560 1528 596 transitiva
1569 560 1628 596 vis
1671 559 1823 611 adest,¹

314 628 442 663 aetate
474 628 601 663 autem
635 626 929 674 posthomerica
962 631 1128 676 utraque
1150 627 1257 664 notio
1290 630 1328 664 et
1350 627 1558 664 transitiva
1588 630 1626 664 et
1647 627 1793 665 intran-
1822 656 1823 662 ,

313 693 427 729 sitiva
457 692 495 729 in
529 704 599 729 usu
633 695 826 730 versatur.
1822 687 1823 694 ¹

839 847 880 889 4.
924 847 1265 901 δειδίσσομαι.

426 942 512 980 Ηο0
540 942 704 979 verbum
737 942 909 990 pertinet
940 942 989 979 ad
1022 937 1163 990 δείδω,
1194 942 1306 979 cuius
1329 941 1376 979 de
1400 942 1636 991 etymologia
1668 943 1795 980 varias

312 1011 487 1048 homines
525 1009 628 1046 docti
666 1010 880 1046 sententias
917 1010 1178 1057 protulerunt.
1237 1009 1293 1047 Cf.
1327 1009 1433 1047 Curt.
1465 1009 1545 1046 ΕΗ
1577 1012 1644 1058 61;
1677 1011 1794 1048 Vani·
1829 1033 1830 1067 ,

313 1074 397 1115 cek.
425 1078 452 1127 I,
475 1080 571 1125 3743
604 1077 855 1125 Grassmann,
886 1077 964 1114 KZ.
991 1077 1054 1123 XI,
1080 1080 1142 1115 11.
1204 1078 1422 1126 Utrumque
1453 1077 1613 1114 verbum
1647 1080 1684 1115 et
1715 1072 1795 1114 δεί-
1829 1071 1830 1109 l

313 1142 375 1181 dm
408 1148 445 1182 et
478 1140 741 1193 δειδίσσομαι
776 1156 796 1181 e
827 1143 961 1182 radice
998 1144 1105 1193 „di“,
1142 1145 1253 1181 cuius
1285 1144 1409 1193 prima
1440 1145 1545 1182 notio
1577 1145 1792 1182 secundum
1829 1152 1830 1195 J

312 1213 487 1251 Curtium
528 1210 623 1258 (Et.4
647 1211 743 1257 645)
787 1212 954 1257 „scheue
996 1212 1090 1257 Eile,
1133 1212 1306 1249 Furcht“
1350 1215 1419 1260 est,
1459 1211 1604 1249 radicis
1644 1212 1794 1261 syllaba
1829 1198 1830 1206 ¹

312 1280 514 1329 duplicata
554 1279 837 1317 conformatum
872 1283 939 1317 est.
1000 1279 1191 1328 Equidem
1231 1292 1317 1317 cum
1350 1279 1527 1329 Fuldalj,
1558 1292 1792 1330 quamquam
1828 1332 1829 1335 Ἴ

313 1348 344 1385 is
374 1347 534 1384 verbum
576 1347 624 1384 ad
665 1347 776 1384 aliam
816 1347 986 1385 radicem
1027 1347 1192 1396 reducit,
1230 1348 1426 1385 notionem
1466 1348 1641 1396 fugiendi
1673 1347 1794 1386 fuisse

313 1415 528 1453 naturalem
571 1418 751 1464 autum0,
796 1415 901 1452 unde
943 1415 1065 1452 verbo
1110 1415 1160 1451 ad
1200 1415 1370 1452 animum
1413 1415 1601 1452 translato
1646 1413 1794 1465 (θυμῷ

312 1494 452 1531 nempe
484 1481 659 1520 additum
693 1480 767 1527 est)
799 1481 1033 1530 significatio
1065 1481 1226 1520 timendi
1259 1485 1395 1520 exorta
1425 1485 1494 1520 est.

426 1550 541 1597 Quod
578 1562 697 1599 porro
736 1550 873 1588 attinet
909 1550 958 1588 ad
998 1550 1234 1599 singularem
1273 1551 1480 1595 notionem,
1518 1562 1596 1600 qua
1632 1549 1791 1588 verbum

312 1621 488 1656 nostrum
533 1630 556 1656 a
597 1618 763 1667 simplici
794 1617 916 1655 verbo
955 1613 1035 1654 ὀίω
1076 1617 1289 1667 discrepat,
1331 1617 1405 1655 hoc
1445 1617 1682 1656 monendum
1724 1620 1794 1668 est,

1827 1683 1830 1702 l

312 1735 398 1759 vero
431 1725 643 1768 genetivum
670 1726 765 1758 θεοῦ
799 1735 871 1758 non
903 1724 1180 1759 distrahendum
1214 1735 1295 1759 esse
1329 1735 1349 1759 a
1380 1725 1576 1769 participio
1606 1720 1792 1770 ὁρμηθείς
1828 1704 1830 1769 1

311 1791 431 1825 neque
457 1791 537 1815 oum
557 1776 694 1825 ἤρχετο
722 1781 1017 1824 coniungendum
1036 1785 1163 1815 contra
1180 1781 1390 1825 Bergkium,
1416 1781 1556 1816 Griech.
1574 1782 1643 1816 Lit.
1661 1781 1792 1816 Gesch.
1828 1773 1830 1826 1

311 1838 339 1879 I,
364 1840 428 1871 434
461 1837 583 1870 adnot.
609 1841 661 1880 31,
694 1840 790 1871 recte
823 1837 1080 1871 animadvertit
1114 1838 1354 1880 Duentzerus,
1390 1838 1457 1872 Die
1492 1838 1625 1872 homer.
1651 1838 1793 1881 Fragen
1828 1828 1830 1861 ἶ

310 1893 459 1937 Lipsiae
489 1896 572 1927 1874
598 1904 631 1937 p.
654 1896 725 1927 159.
774 1893 848 1927 Iam
884 1893 997 1928 schol.
1022 1894 1096 1927 Pal.
1129 1894 1328 1937 ambigunt,
1365 1894 1669 1938 quemadmodum
1702 1894 1793 1928 illud
1828 1884 1830 1933 1

311 1945 497 1994 ὁρμηθεὶς
514 1952 610 1983 θεοῦ
636 1950 683 1984 sit
707 1949 1042 1993 interpretandum,
1068 1951 1245 1984 adnotant
1269 1951 1364 1985 enim
1392 1946 1465 1984 ἀπὸ
1485 1954 1549 1995 τῆς
1564 1947 1709 1994 μούσης
1731 1946 1791 1993 ἐμ·
1829 1939 1830 1972 s

310 2004 533 2046 nrzvoafl'g·
569 2001 591 2049 ἢ
626 2000 699 2040 ἀπὸ
736 2008 829 2040 θεοῦ
864 2003 1088 2050 ἀρξάμενος.
1148 2007 1308 2048 Quorum
1341 2007 1441 2051 prior
1474 2007 1669 2050 explicatio
1702 2007 1789 2050 quin

312 2072 437 2097 verum
464 2072 611 2097 sensum
638 2062 779 2101 reddat,
805 2072 911 2096 nemo
937 2066 1023 2106 post
1049 2062 1226 2097 Nitzschii
1251 2063 1590 2097 commentationem
1617 2063 1669 2106 (in
1688 2063 1791 2104 libro,

311 2119 374 2162 qui
400 2119 611 2152 inscribitur
637 2118 878 2158 „erklarende
904 2118 1197 2163 Anmerkungen
1224 2130 1287 2152 zur
1312 2118 1510 2164 Odyssee“,
1536 2119 1607 2154 vol.
1626 2119 1671 2163 II,
1697 2118 1790 2153 Han-

310 2175 545 2217 novel-1831)
569 2174 616 2208 ad
644 2176 668 2207 θ
687 2177 750 2209 499
776 2174 969 2209 dubitabit.
1009 2175 1267 2210 Verumtamen
1293 2170 1480 2219 ὁρμηθείς
1505 2175 1691 2218 passivum
1709 2184 1791 2209 esse

310 2234 462 2274 propter
486 2231 621 2264 nudum
647 2231 857 2273 genetivum
884 2232 990 2272 θεοῦ,
1025 2231 1088 2274 qui
1120 2230 1268 2265 ablativi
1294 2231 1374 2264 vice
1406 2228 1584 2274 fungitur,
1616 2241 1690 2265 non
1715 2241 1788 2265 cre-

313 2286 484 2331 diderim3
510 2287 676 2330 exempla
695 2286 895 2329 Homerica,
923 2287 959 2320 in
985 2287 1118 2330 quibus
1145 2287 1267 2321 nudus
1288 2286 1483 2330 genetivus
1509 2287 1584 2321 sive
1609 2287 1790 2322 ablativus

310 2353 376 2386 pro
405 2343 676 2387 praepositione
711 2337 782 2376 ὑπό
816 2343 935 2376 locum
967 2343 1100 2377 habere
1131 2346 1271 2386 potest,
1305 2342 1391 2376 mihi
1422 2343 1568 2386 quidem
1600 2353 1672 2377 non
1704 2351 1790 2378 sunt

310 2403 406 2433 nota.
454 2399 571 2440 Quare
596 2399 732 2433 aoristo
760 2394 945 2443 ὁρμηθείς
975 2399 1130 2433 tribuam
1164 2399 1273 2433 medii
1298 2399 1567 2433 intransitivam
1593 2399 1789 2443 notionem,

310 2464 416 2497 quam
441 2458 621 2489 servatam
648 2464 729 2489 esse
760 2454 804 2488 ab
830 2455 998 2489 aoristoI
1024 2455 1164 2498 passivi
1193 2455 1229 2488 in
1256 2454 1334 2489 aliis
1360 2455 1484 2489 verbis
1509 2455 1710 2489 Homericis
1735 2455 1787 2489 vi-

310 2510 485 2545 debimus.
535 2510 591 2544 Ita
615 2511 644 2544 si
670 2511 962 2554 interpretamur,
985 2512 1181 2555 genetivus
1206 2511 1267 2545 ille
1292 2521 1471 2554 personae
1498 2513 1594 2546 θεοῦ
1619 2522 1691 2546 non
1717 2511 1787 2545 iam

310 2567 461 2610 praebet
491 2567 699 2611 explicandi
733 2566 982 2602 difficultates.
1036 2567 1113 2602 Hoc
1148 2567 1254 2601 modo
1286 2567 1406 2602 Faesii
1438 2568 1708 2602 adnotationem
1741 2568 1787 2602 ad

310 2623 342 2658 11.
370 2623 390 2657 l.
419 2633 511 2663 „von
537 2623 601 2657 der
626 2622 793 2657 Gottheit
817 2624 880 2658 der
905 2624 1008 2658 Muse
1038 2623 1261 2667 ausgehend‚
1296 2624 1329 2657 d.
1355 2624 1386 2658 h.
1413 2634 1485 2658 von
1511 2623 1565 2658 ihr
1589 2627 1785 2667 angeregt“

310 2685 408 2715 recte
434 2680 650 2723 explanasse
675 2684 785 2723 atque
809 2680 1015 2715 illustrasse
1041 2680 1127 2714 mihi
1151 2680 1287 2714 videor.

423 2738 450 2778 ¹)
483 2735 814 2780 Untersuchungen
840 2737 931 2771 iiber
956 2737 1015 2771 die
1039 2736 1197 2780 Sprache
1223 2736 1287 2771 der
1312 2737 1444 2772 homer.
1463 2736 1640 2772 Gedichtc
1665 2735 1698 2770 I:
1723 2736 1787 2771 der

309 2792 582 2837 pleonastisehe
608 2792 798 2827 Gebrauch
825 2803 896 2827 von
927 2787 1059 2836 θυμός,
1086 2787 1194 2838 φρήν.
1238 2793 1427 2836 Duisburg
1447 2796 1541 2833 1865,
1567 2803 1601 2836 p.
1620 2796 1672 2828 99.
