1815 3231
1481 201 1558 236 275

77 313 293 347 commotus
326 312 473 359 primus
507 312 685 360 Hcynius
718 309 769 358 (in
804 311 938 358 fragm.
968 308 1056 360 Ap.)
1094 324 1138 348 ex
1172 312 1254 347 eius
1284 308 1560 360 χρονικοῖςἫ

76 375 239 414 iambico
280 380 404 416 metro
446 378 603 426 scriptis
644 390 723 416 rem
767 380 922 426 putavit
962 382 1157 426 sumptam
1201 389 1303 424 esse,
1345 378 1558 415 iamborum

77 444 241 493 vestigia
282 445 319 482 in
353 446 436 494 ipso
470 446 690 494 fragmento
729 446 912 494 cognosci
947 457 1059 493 posse
1093 449 1210 490 ratus,
1249 458 1363 494 quem
1403 450 1561 482 secutus

76 514 134 548 cst
166 511 356 560 Naekius,
387 513 409 549 l.
433 525 465 550 a.
488 526 524 562 p.
549 515 640 556 246,
673 513 738 561 qui
762 512 910 550 iambos
933 511 1082 549 studuit
1104 512 1321 549 restituere.
1381 512 1455 550 Sed
1487 524 1562 548 una

76 590 161 615 cum
203 578 458 627 Clauseno25)
498 581 602 617 bona
639 591 724 617 cum
758 579 832 617 fide
871 592 936 616 cos
974 583 1109 616 secuto
1146 583 1281 627 aperte
1318 581 1562 617 erraverunt.

78 646 249 683 Dielsius
281 647 382 684 enim
416 648 438 684 l.
469 660 500 685 a.
534 660 569 696 p.
598 649 622 685 8
655 659 781 695 pauca
814 660 859 684 ea
891 646 1112 695 fragmenta
1144 646 1373 695 Apollodori
1407 647 1561 684 nomine

75 718 227 762 ornata,
258 714 401 762 quibus
433 714 481 751 de
514 716 632 752 rebus
662 715 930 763 Aegyptiacis,
964 714 1197 762 Babyloniis,
1230 715 1398 751 Persicis
1430 726 1561 762 agere-

77 785 151 829 tur,
182 782 340 820 omnino
369 782 403 819 ci
428 794 513 820 csse
536 782 800 819 abiudicanda
832 781 1023 830 probavit,
1055 794 1139 818 cum
1174 782 1210 818 in
1233 782 1351 819 rebus
1373 781 1421 819 ad
1445 782 1562 819 Athe-

76 848 231 887 nienses
263 850 551 898 pertinentibus
591 850 684 887 solis
721 862 806 887 euin
842 852 1039 886 versatum
1078 861 1161 886 esse
1200 861 1270 898 pro
1303 849 1387 887 libri
1422 854 1561 886 natura

74 915 282 953 verisimile
324 917 384 953 sit.
456 916 607 954 Deinde
651 919 763 965 putat
810 928 849 953 sc
895 920 1044 952 certum
1093 915 1316 965 vestigium,
1360 929 1438 965 quo
1483 928 1559 953 non

75 982 124 1020 ad
147 983 229 1020 eius
252 984 439 1022 chronica
472 984 608 1022 referri
642 996 756 1033 posse
791 983 1050 1031 fragmentum
1084 984 1332 1032 probaretur,
1364 984 1560 1021 invenisse

75 1051 312 1089 obscoenum
345 1052 441 1089 illud
465 1043 603 1100 ὄχευε,
636 1050 741 1100 quod
776 1051 890 1099 plane
923 1051 1092 1088 alienum
1126 1057 1228 1088 esset
1259 1052 1305 1088 ab
1332 1051 1559 1100 Apollodori

75 1119 230 1166 ingenio
263 1117 328 1165 (cf.
360 1131 396 1168 p.
421 1122 442 1157 7
476 1118 564 1156 adn.
590 1117 640 1162 1).
701 1119 838 1167 ltaque
875 1118 1088 1155 arbitratur
1125 1130 1195 1166 pro
1228 1108 1562 1167 fla-coahjdmpoq

74 1186 323 1224 scribendum
348 1199 433 1224 esse
459 1177 805 1236 Δἓῐριστόβουλος.
867 1185 942 1224 Sed
977 1190 1019 1223 ut
1039 1187 1086 1223 ab
1111 1186 1353 1234 Apollodoro
1378 1187 1560 1224 historico

74 1253 160 1291 talis
193 1254 438 1291 obscoenitas
472 1254 669 1298 abhorret,
708 1255 761 1290 ita
794 1266 874 1290 eam
916 1266 961 1290 ne
994 1253 1221 1290 Aristobulo
1254 1253 1411 1302 quidem
1444 1254 1560 1291 tribui

73 1333 188 1370 posse
227 1324 333 1359 certo
376 1322 557 1371 probavit
599 1322 767 1369 Niesius,
810 1334 845 1370 p.
877 1324 912 1359 5.
949 1324 982 1359 6.
1050 1320 1167 1369 Apud
1209 1321 1416 1358 Arrianum
1459 1323 1558 1358 enim

73 1389 186 1426 anab.
210 1389 320 1426 Alex.
343 1390 388 1438 II,
412 1393 435 1427 ι’)
459 1393 548 1438 post
571 1389 864 1438 inscriptionem
885 1389 1039 1425 allatam
1064 1388 1237 1426 additur:
1269 1385 1337 1424 καὶ
1363 1382 1413 1424 τὸ
1435 1389 1557 1437 παῖζε

76 1449 452 1506 ῥαδιουργότε-ρου
476 1449 772 1506 ἐγγεγράφθαι
795 1449 959 1503 ἔφασαν
990 1450 1047 1502 (οἱ
1075 1445 1304 1504 Ἀσσύριοι)
1336 1454 1399 1505 τῷ
1422 1448 1560 1493 ,stouv-

75 1520 157 1574 ρίῳ
189 1513 374 1573 ὀνόματι
412 1525 433 1561 i.
463 1537 494 1562 e.
531 1537 600 1572 pro
638 1522 761 1571 παῖζε
802 1524 877 1572 legi
914 1523 1018 1560 aliud
1059 1524 1289 1560 vocabulum
1331 1525 1456 1560 minus
1493 1524 1556 1560 ho-

74 1595 236 1629 nestum.
299 1594 376 1629 lam
417 1604 502 1629 cum
535 1592 728 1629 Arrianus
765 1603 806 1628 se
839 1591 1051 1628 Aristobuli
1093 1591 1254 1628 historia
1294 1592 1347 1628 uti
1385 1592 1466 1638 ipse
1505 1592 1557 1627 in-

75 1659 179 1697 dicet
210 1658 272 1705 (cf.
303 1658 504 1708 prooem),
546 1659 811 1696 Aristobuluni
855 1662 984 1695 autem
1024 1658 1248 1695 exhibuisse
1291 1657 1391 1695 idem
1430 1657 1556 1706 51&de

75 1727 228 1764 eluceat
259 1739 305 1765 ex
337 1727 481 1765 Athen.
510 1727 628 1766 5021)
661 1731 697 1764 et
729 1726 855 1764 Strab.
883 1726 985 1774 XIV,
1014 1728 1104 1770 672,
1137 1726 1185 1763 ad
1219 1725 1319 1762 hune
1352 1725 1558 1762 referenda

74 1799 133 1832 est
170 1795 341 1843 mutatio,
383 1807 461 1844 qua
493 1795 651 1832 verbum
693 1795 929 1832 obscoenum
970 1794 1192 1831 removerit.
1256 1792 1406 1839 Quibus
1441 1793 1559 1830 rebus

75 1862 278 1911 expositis,
323 1866 366 1900 ut
407 1863 566 1901 Niesius
610 1876 645 1911 p.
681 1864 731 1900 10
773 1871 811 1899 et
851 1861 939 1899 adn.
983 1864 1094 1910 putat
1135 1862 1171 1898 in
1214 1861 1289 1898 alio
1325 1860 1557 1909 Apollodori

75 1930 173 1968 libro
219 1942 298 1968 rem
346 1942 430 1968 esse
473 1936 682 1975 narratam,
728 1942 895 1978 quorum
938 1930 975 1966 in
1013 1929 1171 1966 scholiis
1216 1928 1345 1966 nullus
1384 1929 1559 1977 affertur,

74 1998 127 2034 ita
148 1997 329 2047 equidem
354 1999 482 2036 nescio
514 2011 562 2035 an
595 1998 826 2047 Apollodori
857 1997 1097 2046 grammatici
1129 1995 1409 2044 Tarsensisffl),
1440 1996 1558 2033 vesti-

74 2066 180 2115 gium
213 2065 273 2103 hic
305 2066 460 2111 habeas,
492 2067 558 2114 qui
591 2070 699 2103 certo
722 2065 920 2102 adhibitus
942 2068 1000 2102 est
1028 2065 1147 2102 schol.
1169 2065 1266 2101 Rau.
1290 2066 1381 2102 330.
1432 2063 1556 2110 Quem

75 2133 165 2170 huic
186 2133 242 2170 rei
273 2145 428 2182 operam
453 2133 609 2171 dedisse
642 2133 702 2170 vel
733 2136 944 2182 propterea
975 2132 1099 2170 minus
1122 2131 1333 2179 miraberis,
1365 2131 1455 2179 quia
1477 2131 1558 2179 ipse

75 2201 189 2238 Tarsi
220 2205 334 2239 natus
366 2205 460 2246 crat,
492 2201 540 2238 de
562 2201 689 2238 Tarso
721 2201 759 2237 in
791 2200 1049 2249 inscriptione
1081 2200 1224 2236 mentio
1252 2198 1304 2236 fit.
1363 2198 1460 2237 Orta
1490 2199 1557 2247 igi-

75 2272 140 2306 tur
170 2268 375 2317 inscriptio
409 2281 429 2307 e
453 2269 539 2306 stilo
562 2268 797 2317 Apollodori
819 2268 1038 2305 Tarsensis,
1097 2266 1171 2314 Qui
1205 2269 1265 2304 cui
1287 2267 1428 2304 debeat
1459 2267 1558 2304 hanc

77 2349 156 2374 rem
190 2336 268 2373 dici
289 2349 366 2374 non
390 2340 531 2386 potest,
564 2340 668 2374 certo
698 2349 773 2374 non
797 2335 1036 2383 Aristobulo,
1069 2340 1109 2372 ut
1130 2334 1225 2372 vidit
1245 2331 1402 2373 Niesius
1435 2348 1469 2384 p.
1497 2337 1557 2373 10.

77 2404 152 2451 Qui
176 2416 262 2442 cum
286 2408 398 2453 putet
428 2405 705 2442 Callisthenem
734 2405 781 2441 ab
811 2415 854 2441 eo
885 2403 1103 2440 consultum
1135 2414 1231 2451 esse,
1263 2403 1398 2440 nititur
1419 2403 1557 2442 Photio

77 2476 115 2509 et
151 2471 271 2510 Suida
308 2484 336 2509 s.
363 2484 400 2509 v.
431 2465 826 2522 Σαρδαναπάλους,
869 2472 934 2508 ubi
973 2471 1130 2520 legitur:
1172 2465 1558 2520 Σαρὸαιτιπάλους

77 2534 124 2576 ἐν
156 2532 192 2585 β’
227 2537 457 2589 Περσικῶν
495 2533 573 2577 δύο
612 2536 713 2590 φησὶ
752 2535 976 2588 γεγονέναι
1014 2535 1326 2589 Καλλισθένης,
1364 2533 1440 2575 ἕνα
1479 2535 1557 2588 μὲν

190 2648 234 2688 24)
267 2645 320 2681 Cf.
346 2646 555 2687 Muellerus,
583 2647 723 2689 Fragm.
748 2645 780 2679 h.
797 2657 849 2688 gr.
875 2645 889 2677 Ι
916 2656 948 2688 p.
968 2645 1097 2688 XLIV;
1133 2645 1306 2688 Dielsius,
1331 2646 1420 2680 Mus.
1440 2646 1557 2681 Rhen.

77 2703 202 2737 XXXI
228 2714 263 2746 p.
281 2706 312 2736 4.

190 2761 234 2802 25)
268 2758 324 2793 Cf.
350 2759 372 2793 l.
389 2769 420 2793 a.
445 2770 480 2803 p.
498 2765 550 2794 40.

191 2817 235 2858 2ὃ)
269 2816 322 2849 De
348 2815 571 2862 Apollodoro
597 2816 767 2851 Tarsensi
793 2815 839 2849 ef.
865 2815 1108 2850 Schneiderus
1134 2816 1153 2849 l.
1172 2826 1201 2850 a.
1228 2827 1262 2859 p.
1281 2820 1333 2850 90.
