1830 3201
284 167 335 203 32

396 274 618 324 Composita
641 268 776 324 ἐνίημι
811 276 849 311 et
870 267 1126 324 ἐπιπροΐημι
1157 273 1447 323 lexicographis
1475 274 1624 313 Seilero
1657 275 1756 314 Ebe-

283 344 479 391 lingioque
503 341 779 379 dissidentibus
807 342 844 378 in
868 353 1068 378 numerum
1100 353 1233 378 eorum
1257 342 1479 391 verborum,
1508 355 1609 392 quae
1631 344 1755 392 ellipsi

284 411 417 449 obiecti
441 407 523 459 νῆα
548 412 720 458 utuntur,
752 410 968 457 Kruegero,
997 409 1057 446 Di.
1079 409 1100 453 ᾗ
1123 411 1187 458 52,
1210 412 1245 458 2,
1260 412 1284 447 8
1316 413 1354 447 et
1375 410 1600 460 KueImero,
1621 412 1643 455 ,ξ
1666 414 1757 456 373,

284 478 347 524 2ss
377 478 602 515 auctoribus
634 477 857 515 adscribere
888 490 965 514 non
998 476 1185 514 dubitavi.

903 608 941 648 Α.
974 606 1142 661 ἐνίημι

281 693 440 741 proprie
463 690 658 739 significat
678 686 901 740 „immitt0“;
930 690 979 727 de
1001 690 1240 738 etymologia
1258 690 1365 728 verbi
1384 686 1469 742 ἵημι
1494 691 1542 729 cf.
1559 691 1662 729 infra
1683 691 1704 736 ξ
1722 694 1758 729 4.

393 782 427 815 Ι.
461 779 708 815 Transitive
741 792 827 817 cnm
849 779 1007 828 propria
1028 780 1313 828 significatione
1344 783 1415 829 ter,
1445 781 1632 818 translate
1664 780 1758 818 duo-
1813 818 1814 822 ,

283 849 414 887 decies
427 847 454 894 ¹)
487 851 545 885 est
575 851 817 897 usurpatum.

394 940 451 973 II.
488 938 803 973 Intransitivus
836 949 929 975 usus
961 940 1110 976 tantum
1142 937 1180 975 in
1211 937 1389 986 Odyssea
1420 939 1625 987 reperitur.
1684 939 1758 976 Ex·
1815 971 1816 976 ,

283 1010 360 1045 stat
396 1007 519 1044 forma
556 999 769 1056 ἐνήσομεν
808 1018 893 1043 cum
928 1005 1006 1043 dat.
1033 1006 1104 1043 loc.
1137 1006 1347 1044 coniuncta
1384 999 1609 1057 (ἐνήσομεν
1645 997 1757 1057 ε’ίρέι
1815 994 1816 997 ¹

283 1068 437 1124 πόντῳ
468 1077 637 1111 exeunte
668 1071 802 1119 versu)
834 1072 859 1119 β
882 1075 981 1121 295;
1009 1084 1037 1122 μ
1061 1069 1152 1111 293.
1213 1074 1264 1111 At
1294 1073 1401 1111 hisce
1433 1075 1527 1112 locis
1558 1087 1635 1112 non
1666 1086 1760 1112 usus

283 1143 398 1192 plane
421 1141 705 1190 intransitivus,
735 1140 803 1178 sed
833 1140 1089 1189 brachylogia
1119 1141 1249 1189 potius
1280 1141 1491 1180 statuenda
1513 1144 1587 1191 est3
1618 1142 1759 1180 etenim

284 1207 369 1260 νῆα
388 1222 446 1260 dex
478 1208 802 1246 antecedentibus
834 1210 963 1256 potest
993 1207 1205 1246 subaudiri.

397 1278 448 1315 At
479 1280 590 1314 extra
620 1275 899 1314 dubitationem
928 1276 1096 1324 positum
1127 1278 1195 1325 est,
1226 1277 1319 1325 quin
1349 1271 1489 1327 ἐνίημι
1516 1277 1761 1315 intransitive

286 1346 516 1383 collocatum
539 1345 586 1382 sit
607 1344 643 1381 in
668 1343 802 1381 eodem
826 1344 995 1382 carmine
1025 1355 1053 1393 μ
1075 1346 1172 1382 401;
1203 1335 1324 1393 ἡμεῖς
1351 1333 1388 1381 δ’
1409 1334 1502 1393 αἶψ’
1524 1334 1761 1391 ἀναβάντες

285 1403 502 1462 ἐνήκαμεν
533 1401 651 1461 εὐρέϊ
675 1404 845 1461 πόντῳ,
878 1412 941 1449 ubi
972 1412 1222 1450 accusativus
1244 1410 1326 1462 νῆα
1358 1425 1406 1450 ex
1437 1412 1761 1450 antecedentibus

285 1481 414 1518 verbis
445 1493 523 1517 non
558 1482 686 1528 potest
717 1479 906 1528 suppleri.
965 1479 1158 1517 Credibile
1180 1480 1270 1517 mihi
1293 1483 1351 1518 est
1381 1474 1540 1517 ἐνιέναι
1572 1481 1654 1518 sine
1677 1476 1762 1530 νῆα

286 1548 399 1585 sicuti
431 1537 701 1593 ἀποβαίνειν,
737 1535 990 1593 ἀναβαίνειν
1021 1547 1138 1596 vulgo
1170 1547 1208 1584 in
1231 1558 1409 1585 sermone
1437 1550 1641 1585 nautarum
1674 1560 1759 1585 cum

285 1616 360 1653 hac
391 1614 675 1664 significatione
712 1615 856 1660 „altum
889 1614 1046 1663 petere“
1083 1618 1210 1652 ortum
1243 1612 1373 1662 esse.2)
1435 1615 1586 1653 Etenim
1618 1617 1761 1653 nautae

286 1683 379 1720 nihil
402 1683 504 1720 ultra
536 1682 744 1730 requirunt
776 1682 848 1718 nisi
872 1682 1046 1731 verbum,
1076 1682 1303 1731 praesertim
1327 1694 1412 1720 cum
1436 1683 1491 1720 eis
1513 1684 1607 1721 satis
1628 1685 1761 1721 notum

285 1750 346 1798 sit,
376 1748 422 1786 ad
457 1748 561 1798 quod
594 1748 789 1786 obiectum
821 1750 921 1786 actio
953 1749 1122 1786 verbalis
1154 1749 1360 1787 referatur.

825 1890 863 1933 B.
901 1889 1225 1945 ἑπιπροίημι,

288 1973 422 2017 „mitto
454 1973 633 2021 protinus
662 1972 711 2010 ad
742 1973 926 2022 aliquem,
957 1973 1145 2021 aliquid“.

398 2063 432 2097 Ι.
466 2062 733 2098 Transitive:
766 2064 925 2111 propria
951 2067 989 2100 et
1010 2076 1104 2100 vera
1126 2062 1357 2111 significatio
1379 2066 1537 2100 servata
1558 2065 1617 2100 est
1639 2060 1671 2099 Α
1694 2064 1764 2112 94;

294 2128 316 2165 I
334 2132 431 2178 5203
463 2129 501 2166 P
520 2132 614 2178 7083
646 2128 689 2167 Σ
708 2129 799 2176 583)
821 2146 874 2158 Ξ
896 2132 988 2169 439.
1048 2131 1090 2167 In
1114 2131 1237 2178 primo
1268 2130 1403 2167 horum
1434 2130 1606 2168 locorum
1639 2127 1671 2167 Δ
1693 2132 1763 2168 94;

402 2261 430 2299 1)
454 2257 669 2300 Frohwein.,
686 2257 849 2292 Verbum
867 2258 1096 2293 Homericum
1116 2259 1233 2302 (Lips.
1250 2261 1361 2301 1881),
1382 2259 1412 2292 Ρ
1426 2262 1486 2293 156
1511 2259 1764 2303 praetermisit.

400 2316 429 2355 2)
455 2313 509 2348 Cf.
535 2314 654 2348 Faesii
679 2314 801 2348 adnot.
827 2315 873 2348 ad
897 2327 923 2357 μ
943 2318 1018 2349 401.

400 2373 430 2413 3)
457 2372 494 2404 Σ
508 2374 565 2405 58:
593 2369 720 2414 νηυσὶν
739 2367 975 2415 ἐπιπροέηκα
993 2367 1316 2415 κορωνίσινἼλιον
1336 2367 1425 2405 εἴσω
1456 2372 1623 2416 superior
1647 2375 1764 2407 aetate

289 2427 435 2461 videtur
452 2436 534 2461 esse
559 2437 664 2470 quam
688 2428 723 2460 Σ
737 2430 812 2461 439.
861 2427 1002 2461 Etenim
1021 2438 1101 2462 cum
1120 2428 1222 2461 multi
1240 2428 1354 2462 critici
1373 2428 1651 2471 descriptionem
1670 2427 1765 2462 scuti

289 2492 438 2526 eamque
469 2485 618 2525 partem,
650 2492 743 2526 quae
775 2483 870 2516 illam
904 2493 984 2517 cum
1011 2487 1087 2517 toto
1111 2483 1265 2517 carmine
1297 2484 1490 2526 connectit,
1522 2495 1541 2517 a
1566 2493 1674 2518 versu
1700 2487 1764 2517 369

290 2548 406 2581 usqne
431 2538 476 2572 ad
495 2538 602 2572 finem
628 2538 795 2572 carminis
817 2539 853 2571 Σ
875 2543 1002 2583 postea
1020 2549 1100 2573 esse
1118 2539 1289 2573 insertam
1314 2543 1513 2582 autumant,
1538 2543 1614 2573 tum
1633 2549 1762 2574 versus

290 2597 466 2628 ›iffi-*443
502 2603 545 2627 ex
576 2594 612 2626 Σ
634 2596 764 2628 56-62
799 2594 919 2628 iterati
952 2595 1113 2629 secundo
1143 2595 1221 2628 loco
1254 2595 1372 2629 minus
1402 2595 1594 2639 quadrant.
1642 2595 1765 2629 Priore

289 2651 383 2684 enim
409 2651 486 2684 loco
518 2650 610 2684 illud
636 2647 745 2685 ἰοῦσα
771 2650 900 2685 Thetis
933 2651 1118 2685 commode
1150 2651 1194 2685 de
1221 2661 1260 2685 se
1286 2651 1406 2686 dicere
1437 2654 1573 2696 potest,
1605 2651 1764 2694 quando-

290 2707 435 2749 quidem
461 2706 506 2740 ad
524 2705 634 2740 filium
653 2716 692 2740 se
709 2706 884 2740 collatura
901 2711 968 2751 est⁷
993 2708 1106 2741 altero
1133 2710 1251 2741 autem
1277 2707 1355 2741 loco
1381 2707 1412 2741 ei
1438 2708 1556 2742 minus
1582 2707 1765 2742 convenit.

290 2761 370 2795 Huc
395 2762 547 2804 accedit,
580 2762 678 2806 quod
710 2762 812 2795 multi
836 2762 897 2796 alii
922 2772 1050 2796 versus
1083 2763 1120 2796 in
1153 2772 1228 2796 eam
1261 2766 1411 2807 partem,
1444 2771 1535 2806 quae
1560 2774 1593 2798 v.
1613 2766 1679 2797 444
1711 2772 1765 2797 se-
