1830 3201
292 191 343 227 28

290 302 428 348 postea
468 315 544 339 non
578 304 701 341 solum
741 306 778 342 in
816 308 942 355 poetis
979 311 1287 365 posthomerieis,
1323 317 1391 354 sed
1430 320 1542 357 etiam
1581 322 1617 360 in
1657 324 1771 363 bonis

290 379 432 415 prosae
466 369 654 408 orationis
686 372 955 422 sei-Iptoribus.

860 539 901 582 4.
941 534 1190 597 ὖπερέχω.

397 626 476 664 Ter
507 629 671 666 verbum
703 630 949 672 intransitive
981 639 1163 675 occurrit.
1213 638 1371 680 21735:
1404 634 1498 681 εὖτε
1519 637 1598 696 γὰρ
1620 638 1764 698 ἠέλιος
1821 686 1822 694 ,

285 687 471 739 φαέθων
508 692 767 746 υπερέσχεθε
783 698 811 740 1)
842 697 983 752 >raim-,-
1033 715 1057 739 π’
1079 707 1147 744 93:
1183 697 1423 760 εὖτ’ἇστήρ
1452 700 1659 763 ὑπερέσχε
1687 728 1765 764 φα-

287 752 484 805 cirtam-⁷3.
546 763 801 803 intransitiva
832 767 944 806 huius
977 773 1180 819 compositi
1212 776 1320 813 notio
1352 789 1430 815 non
1463 791 1511 816 ex
1542 781 1669 830 ellipsi
1701 785 1764 822 ob·
1821 771 1822 774 Ἴ

283 827 472 865 ieetorum
505 823 670 876 ἵππους
702 836 739 870 et
769 832 850 884 νῆα
883 839 974 874 nata
1002 843 1059 876 est
1091 839 1235 890 (neque
1268 843 1368 880 enim
1400 845 1474 883 hoc
1505 851 1762 897 compositum

282 906 367 931 eum
408 896 466 933 his
506 898 669 936 obiectis
707 902 810 949 apud
844 903 1054 942 Homerum
1093 911 1161 944 aut
1197 910 1302 957 apud
1340 916 1518 960 posteros
1549 917 1761 966 scriptores
1820 942 1821 947 =

282 973 453 1011 unquam
487 967 735 1004 eonnectitur
765 972 883 1018 atque
916 972 1072 1011 omnino
1104 976 1169 1012 vix
1201 989 1286 1014 eum
1317 979 1370 1016 eis
1403 983 1575 1020 construi
1606 986 1761 1037 potuit),
1820 991 1821 995 ’

279 1029 345 1066 sed
382 1043 404 1067 a
440 1033 614 1079 generali
652 1035 874 1083 significatu
913 1041 1020 1077 verbi
1059 1042 1255 1093 simplicis,
1296 1047 1362 1095 qui
1396 1048 1553 1096 quidem
1590 1052 1672 1100 ipse
1712 1067 1759 1093 ex

282 1096 407 1145 ellipsi
439 1099 591 1137 illorum
615 1101 857 1141 obiectorum
890 1107 1090 1154 profectus
1113 1115 1182 1160 est,
1213 1111 1261 1148 ad
1295 1116 1551 1164 compositum
1582 1123 1757 1160 nostrum

278 1167 394 1212 atque
425 1165 488 1203 hie
518 1167 566 1204 ad
600 1169 779 1207 subiecta
810 1173 902 1210 solis
934 1177 972 1211 et
1003 1176 1200 1215 stellarum
1239 1181 1467 1220 transducta
1499 1187 1567 1223 est.

390 1244 511 1282 Paulo
543 1248 766 1294 generalior
798 1263 915 1299 quam
947 1253 1040 1291 locis
1072 1255 1187 1294 modo
1215 1258 1346 1296 allatis
1378 1263 1437 1298 est
1468 1263 1573 1301 notio
1602 1263 1756 1306 Pelo:

276 1302 478 1347 στάντων
507 1309 588 1361 μὲν
613 1312 841 1361 Μενέλαος
876 1308 1099 1370 ὑπείρεχεν
1129 1313 1278 1373 dodae
1309 1318 1454 1376 ὤμους
1485 1328 1580 1375 (aec.
1602 1333 1755 1372 relatio-

277 1375 350 1422 nis)
381 1379 613 1430 „eminebat,
642 1385 907 1431 p1·aestabat⁶⁴.
967 1388 1077 1435 Quae
1099 1392 1205 1429 notio
1228 1394 1421 1432 eminendi
1445 1397 1508 1434 vel
1528 1401 1753 1448 praestandi

274 1450 410 1493 postea
440 1448 478 1485 in
511 1449 637 1488 soluta
668 1454 844 1492 oratione
878 1457 1128 1497 usitatissima
1158 1459 1242 1498 fuit.

970 1790 1057 1840 §Z

298 1869 367 1912 De
400 1872 573 1927 verbis,
606 1885 723 1925 quae
755 1877 945 1919 nonnisi
976 1890 1060 1931 per
1093 1881 1284 1934 ellipsin
1317 1883 1490 1927 obiecti
1523 1885 1718 1937 ἵππους

701 1942 1006 1988 intransitiva
1036 1946 1162 1990 faeta
1193 1950 1317 1992 sunt.

379 2033 495 2082 Apud
550 2036 761 2074 Homerum
814 2051 860 2075 ex
914 2039 969 2077 eis
1019 2041 1276 2081 inveniuntur
1328 2042 1547 2095 στρέφω,
1597 2059 1745 2097 μετα-

267 2097 490 2150 στρέφω,
530 2092 854 2154 ὑποστρέφω,

857 2204 895 2245 Α.
937 2206 1152 2260 στρέφει).

378 2294 462 2332 Hoc
494 2296 654 2333 verbum
693 2298 741 2335 ad
777 2298 960 2348 radicem,
997 2302 1058 2339 cui
1094 2303 1301 2340 transitiva
1332 2305 1438 2342 notio
1470 2307 1650 2344 vertendi
1681 2309 1740 2346 vel

266 2361 476 2409 torquendi
498 2363 689 2413 inhaeret,
719 2365 805 2403 iure
828 2368 1005 2405 revocari
1029 2372 1199 2418 eonstat3
1231 2370 1279 2406 cf.
1305 2371 1348 2407 L.
1372 2372 1528 2421 Meyer„
1551 2374 1636 2423 Vgl.
1658 2373 1741 2412 (3122

265 2427 291 2471 I⁷
317 2430 432 2466 1005.
494 2430 667 2476 Quacum
701 2432 938 2472 deductione
971 2447 1064 2473 usus
1095 2437 1202 2474 verbi
1233 2438 1357 2485 ipsius
1389 2440 1551 2488 eiusque
1584 2453 1738 2490 compo-

264 2495 423 2532 sitorum
463 2499 656 2536 convenit.
725 2500 800 2538 Sed
837 2502 1014 2540 videmus
1052 2503 1164 2541 etiam
1205 2506 1420 2553 composita
1455 2518 1593 2556 μετα-,
1629 2500 1739 2546 ὑπο-

265 2558 452 2610 στρέφω,
477 2563 642 2603 fortasse
661 2567 774 2604 etiam
794 2569 953 2606 verbum
978 2570 1140 2619 simplex
1163 2571 1397 2620 aliquotiens
1414 2586 1436 2611 a
1452 2575 1647 2613 tralaticio
1665 2588 1737 2614 usu

376 2694 403 2734 1)
427 2693 482 2727 De
497 2694 531 2727 vi
550 2704 590 2729 ae
607 2699 789 2739 potestate
807 2696 859 2731 illi
877 2696 1014 2734 formae
1035 2694 1270 2744 ὑπερέσχεθε
1290 2702 1499 2738 inhaerente
1516 2703 1562 2738 ef.
1580 2703 1735 2740 Ameisii

262 2746 549 2783 adnotationem:
589 2745 849 2796 „ivcepae'oxessf
882 2754 1094 2789 bezeichnet
1118 2755 1197 2790 hier
1229 2757 1288 2793 die
1314 2758 1498 2793 dauernde
1523 2759 1639 2803 Folge
1669 2761 1734 2799 des

262 2798 450 2847 υπερέσχε
476 2805 580 2840 ‘fiber
606 2806 669 2842 der
695 2807 791 2841 Erde
817 2809 971 2845 stand‘,⁴‘
