1815 3231
1441 181 1490 213 433

17 281 154 322 sitivae
193 281 340 322 notioni
379 283 562 322 maiorem
601 286 765 322 aetatem
800 295 914 333 quam
948 285 1213 325 intransitivae
1247 289 1362 326 tribui
1398 291 1491 326 vult.

18 351 132 400 Quod
172 355 214 390 ut
255 352 512 400 demonstret,
555 353 778 391 universum
821 353 936 391 liuius
968 355 1075 392 verbi
1109 357 1269 405 eiusque
1302 359 1490 406 composi-

17 423 144 458 torum
178 432 288 458 usum
316 420 566 458 Homericum
599 421 847 470 perlustrans
879 422 947 459 sibi
981 423 1137 461 videtur
1169 425 1341 473 reperire
1375 426 1492 463 verbo

18 488 270 538 conspicuam
311 488 509 526 notionem
542 488 708 527 aetionis
751 489 798 526 ab
836 490 919 538 ipso
957 491 1129 529 subiecto
1170 493 1365 541 proti-vtae
1404 506 1492 530 von-

17 557 133 595 tineri
174 569 304 607 neque
345 569 391 595 eo
433 569 619 606 umquam
661 557 890 605 significari,
933 561 974 595 ut
1015 559 1159 608 Meyeri
1201 560 1322 609 ipsius
1365 561 1492 597 verbis

19 628 119 674 utar,
157 626 243 671 „ein
280 637 328 663 zu
360 624 472 663 Ruhe
510 625 733 674 kommen“,
774 625 842 663 sed
875 638 1026 675 semper
1062 628 1144 672 „ein
1181 628 1286 665 liudo
1321 630 1495 676 maelmin,

19 693 80 730 ein
120 692 323 742 gewolltes
354 691 605 731 Aufhore11“.
637 714 692 717 —
729 693 841 730 Hane
883 696 1011 731 tamen
1053 695 1372 743 significationem
1417 709 1492 733 non

20 760 202 799 omnibus
233 760 330 799 locis
352 761 572 799 Homericis
604 761 765 799 subesse
798 760 911 799 docet
933 760 969 798 Z
990 764 1065 800 149
1088 750 1148 806 (ἧς
1170 753 1348 811 ιῖινὸρῶν
1371 774 1406 811 7²
1421 756 1493 812 mi)

18 817 44 878 ἡ
75 824 156 878 μὲν
183 820 300 876 φύει,
329 817 355 879 ἡ
378 818 415 866 δ’
435 818 658 879 ἀπολήγει,
690 828 738 866 de
761 841 839 877 quo
863 829 959 873 loeo,
992 833 1032 867 ut
1062 830 1165 867 illum
1197 842 1351 867 sensum
1382 830 1493 867 modo

19 899 362 935 commemoratum
401 897 435 935 ei
477 896 644 935 subdere
674 897 814 946 possit,
852 898 984 934 miram
1016 898 1374 947 interpretationem
1408 911 1493 947 pro-

20 965 187 1003 nuntiat.
248 957 354 1002 Φύει
386 965 487 1003 enim
520 965 768 1003 transitivum
802 965 963 1003 verbum
997 966 1226 1014 intellegens
1264 967 1492 1004 sententiam

20 1032 123 1071 illius
159 1032 234 1071 loci
274 1033 329 1070 sic
360 1032 506 1071 reddit:
550 1032 655 1070 aliud
686 1045 813 1082 genus
845 1033 1041 1071 hominum
1075 1033 1209 1082 efficit,
1249 1037 1290 1071 ut
1321 1034 1495 1072 homines

19 1096 252 1151 nascantur,
293 1101 397 1140 aliud
439 1101 584 1140 desinit
615 1100 680 1148 (ad
720 1101 826 1151 quod
866 1102 1030 1140 alterum
1068 1102 1230 1139 verbum
1262 1114 1281 1139 e
1314 1105 1496 1140 contextu

19 1168 205 1208 subaudit
251 1169 441 1216 „efficere‚
482 1172 525 1207 ut
566 1170 743 1208 homines
781 1167 1004 1215 vivant“).¹)
1074 1169 1269 1207 Eiusmodi
1310 1170 1497 1219 interpre-

19 1237 205 1276 tationem
243 1238 452 1287 permiram
495 1248 582 1276 esse
623 1250 737 1275 nemo
779 1250 856 1275 non
897 1237 1052 1281 sentiet;
1094 1249 1221 1286 neque
1258 1237 1358 1274 enim
1395 1238 1496 1286 quis-

21 1317 136 1355 quam
183 1318 203 1344 e
255 1308 443 1344 contextu
500 1305 549 1343 ad
602 1295 814 1355 ἀπολήγει)
868 1318 1051 1354 umquam
1099 1305 1256 1355 supplet
1311 1304 1499 1353 „efficere,

22 1377 65 1412 ut
107 1374 283 1413 homines
323 1373 499 1413 vivant“.
569 1374 711 1412 Nullus
756 1374 890 1423 homo,
936 1374 1076 1412 nedum
1122 1377 1238 1423 poeta
1282 1373 1344 1411 ille
1391 1385 1498 1421 egre-

21 1442 125 1492 gius,
168 1455 341 1492 unquam
385 1442 488 1481 dicet
529 1454 655 1492 genus
697 1443 892 1480 hominum
937 1442 1127 1480 cessando
1169 1442 1205 1479 id
1249 1441 1417 1489 efficere,
1459 1443 1501 1478 ut

21 1510 199 1549 homines
239 1511 467 1550 moriantur.
539 1511 660 1548 Immo
702 1523 795 1549 vero
831 1511 993 1548 verbum
1031 1509 1273 1547 intransitive
1318 1509 1421 1546 valet
1462 1508 1498 1544 id

23 1590 143 1616 unum
190 1578 419 1627 „inte1·i1·e“,
468 1578 506 1616 in
559 1591 636 1628 quo
688 1591 821 1617 omnes
867 1578 1133 1627 lexicographi
1186 1580 1223 1614 et
1272 1577 1503 1625 interpretes

24 1649 250 1687 concinunt.

136 1716 221 1755 Nec
263 1716 390 1754 minus
421 1715 512 1754 mihi
545 1715 726 1765 displicet
757 1715 821 1752 illa
851 1713 1022 1763 suspicio
1054 1712 1222 1762 Meyeri,
1260 1712 1326 1761 qui
1359 1712 1502 1748 intran-

27 1785 181 1824 sitivam
204 1785 403 1823 notionem
436 1797 484 1822 ex
506 1784 712 1822 transitiva
743 1786 866 1821 ortam
899 1795 982 1821 esse
1015 1782 1154 1820 omisso
1178 1781 1330 1818 obiecto
1360 1783 1502 1828 χεῖρα,-

25 1855 150 1904 putat.
210 1853 365 1891 Etenim
402 1864 540 1902 parum
579 1852 789 1890 verisimile
826 1854 885 1889 est
916 1850 1109 1888 obiectum
1140 1852 1287 1897 χεῖρα,-
1320 1859 1403 1884 esse
1436 1858 1505 1895 per

25 1921 180 1971 ellipsin
219 1920 415 1969 omissum,
454 1919 686 1969 praesertim
726 1931 811 1956 eum
850 1918 923 1955 hoc
954 1917 1146 1954 obiectum
1186 1914 1302 1953 semel
1341 1916 1506 1951 tantum-

31 1988 167 2039 modo,
205 1988 410 2038 Odysseae
443 1988 530 2026 loco
560 1998 586 2037 χ
618 1990 685 2031 63,
726 1986 846 2024 verbo
885 1984 1079 2022 adnexum
1118 1982 1328 2020 videamus.
1395 1981 1506 2017 Hune

26 2056 154 2095 locum
187 2046 291 2093 οὗδέ
311 2067 388 2093 κει·
415 2042 473 2101 ὦς
494 2049 558 2093 ἔτι
578 2058 722 2105 χεῖρας
751 2046 852 2103 ἐμὰς
875 2045 1044 2102 λήξαιμι
1071 2043 1227 2098 φόνοιο
1260 2061 1345 2086 enm
1370 2046 1405 2084 Z
1428 2050 1503 2085 107

27 2121 166 2175 λῆξαν
189 2119 234 2162 δὲ
256 2116 431 2173 φόνοιο,
464 2124 564 2161 sicut
586 2123 660 2160 iam
686 2123 870 2171 Meyerus
894 2120 995 2168 feeit,
1027 2129 1252 2167 comparare
1281 2116 1417 2164 possis.
1459 2116 1507 2151 At

28 2191 163 2232 Z107
197 2195 256 2231 est
287 2195 394 2231 certe
426 2203 528 2230 unus
560 2191 682 2240 locus,
715 2202 791 2239 quo
825 2188 873 2226 de
906 2188 1036 2236 ellipsi
1065 2186 1205 2224 obiecti
1223 2188 1366 2233 χεῖρας
1388 2182 1510 2231 possit

30 2260 208 2309 eogitari.
276 2259 401 2307 Quam
443 2259 543 2297 male
584 2259 681 2296 haee
720 2256 865 2305 ellipsis
905 2255 950 2292 iis
990 2254 1083 2291 loeis
1126 2251 1325 2297 convenit,
1368 2249 1506 2298 quibus

9 2320 152 2378 ’λήγω
184 2339 272 2365 cum
303 2327 512 2377 participio
546 2324 786 2364 construitur
816 2322 949 2371 I191;
985 2319 1023 2358 Φ
1046 2323 1141 2368 224;
1173 2318 1205 2355 θ
1228 2319 1299 2356 87!
1358 2316 1509 2353 Idcirco

30 2395 62 2434 si
97 2395 249 2445 Meyeri
292 2395 555 2445 suspicionem
599 2395 820 2432 sustentare
863 2390 1069 2437 vellemus,
1116 2388 1190 2424 iam
1230 2383 1507 2433 antiquissimis

29 2463 273 2512 temporibus
310 2463 536 2501 memoriam
579 2460 739 2510 originis
781 2458 948 2497 notionis
993 2454 1262 2494 intransitivae
1303 2452 1508 2490 evanuisse

30 2531 171 2579 putare
204 2541 449 2578 cogeremur.
511 2528 513 2530 ’

145 2637 172 2680 ²)
202 2636 278 2670 Iam
304 2640 387 2671 ante
413 2638 454 2671 L.
470 2635 657 2681 Meyerum
683 2633 847 2678 Heynius
872 2632 908 2665 in
933 2630 1091 2664 editione
1116 2637 1181 2662 sua
1205 2622 1290 2670 (ρι’-ει
1317 2623 1509 2658 transitive

31 2701 114 2727 esse
144 2693 304 2736 positum
336 2696 438 2726 ratus
472 2692 518 2726 ad
545 2686 729 2735 ιῖπολήκει
766 2687 967 2723 subaudire
999 2682 1108 2729 φύειν
1141 2687 1291 2718 conatus
1325 2684 1389 2715 est.
1438 2678 1513 2712 Ad-

31 2757 162 2783 versus
192 2748 375 2793 Heynium
407 2745 453 2782 ef.
484 2746 706 2788 Bekkerum,
741 2744 844 2778 Hom.
874 2742 1013 2776 Blatter
1044 2741 1130 2784 I,13
1166 2746 1291 2781 eaque,
1323 2744 1415 2779 quae
1447 2734 1514 2767 sub

33 2799 118 2848 φύω
144 2803 230 2839 dixi.
