1830 3201
315 158 366 192 64

424 267 459 301 Ι.
506 267 759 306 Intransitiva
800 267 1031 317 significatio
1074 267 1182 305 verbi
1225 259 1344 318 λήγω
1384 267 1489 316 apud
1527 267 1637 305 Hom.
1677 267 1788 316 quin-

313 334 424 383 quies
457 336 494 371 et
525 334 663 381 decies,
694 334 881 384 imprimis
912 336 949 373 in
982 334 1116 384 Iliade,
1147 333 1366 372 adhibetur.

422 402 481 436 ΙΙ.
514 401 684 439 Verbum
708 403 906 441 causative
929 415 1014 440 cum
1038 401 1244 440 transitivo
1263 402 1488 440 accusativo
1511 402 1576 447 rei,
1601 414 1677 439 non
1700 413 1787 451 per-

312 480 431 506 sonae
471 469 721 518 coniungitur
757 469 880 507 tribus
916 469 1028 507 locis:
1072 467 1119 505 N
1140 470 1222 506 424
1260 457 1493 517 Ἰδομενεὺς
1532 458 1568 505 δ’
1591 458 1645 505 ου’
1684 465 1788 518 λῆγε

309 532 439 585 μένος
473 533 599 586 μέγα,·
652 535 690 574 Φ
721 540 800 576 305
842 526 945 574 οὐδὲ
981 529 1272 585 Σκάμανδρος
1309 529 1431 586 ἔληγε
1467 528 1519 573 τὸ
1552 525 1604 572 ὃν
1638 533 1789 586 μένος;

309 615 333 653 χ
357 607 406 643 63
439 594 543 641 οὐδέ
573 615 649 641 κει)
680 591 737 650 ὦς
768 599 829 641 ἔτι
861 608 1006 655 χεῖρας
1035 598 1138 654 ἐμὰς
1169 594 1342 653 λήξαιμι
1375 597 1546 652 φόνοιο.

423 672 723 711 Autenriethius
768 672 805 710 in
851 673 925 710 lex.
955 671 1103 711 N424
1147 675 1185 710 et
1218 669 1256 708 Φ
1285 674 1364 710 305
1408 672 1611 720 explicans
1647 671 1788 716 „nach-

312 741 440 778 lassen
479 739 517 777 in
556 740 627 778 der
657 739 897 789 kampfwut“
933 740 1040 778 verbi
1073 739 1358 777 intransitivam
1390 740 1585 778 notionem
1618 739 1787 777 retinere

311 807 476 853 videtur⁷
510 820 588 857 qua
619 808 657 846 in
690 808 1014 857 interpretatione
1041 803 1172 857 μένος
1194 807 1228 845 ei
1248 819 1319 856 pro
1343 807 1566 845 accusativo
1589 807 1789 845 relat10nis

310 875 581 925 accipiendum
615 879 683 914 est.
742 876 795 914 At
830 876 920 914 huic
959 876 1213 925 explicationi
1252 874 1391 913 obstat
1418 878 1500 913 tota
1537 875 1636 913 ratio
1674 887 1787 913 aceu-

311 944 424 981 sativi
461 943 683 989 relationis,
723 943 788 993 qui
828 943 981 982 nonnisi
1020 956 1105 981 cum
1145 942 1199 981 eis
1232 942 1378 991 verbis,
1418 955 1520 992 quae
1550 945 1691 981 statum
1724 942 1787 980 vel

311 1011 594 1061 condicionem,
624 1024 702 1049 non
735 1011 927 1050 actionem
960 1013 1002 1049 ut
1032 1003 1180 1061 λήγειν
1211 1011 1411 1061 denotant,
1441 1010 1539 1049 solet
1568 1009 1723 1060 iungi.¹)

423 1079 650 1128 Ebelingius
672 1079 865 1129 praecipit
886 1079 1075 1117 causativi
1097 1071 1219 1128 λήγω
1237 1079 1338 1117 hanc
1356 1078 1678 1128 significationem
1701 1090 1787 1125 „co-

311 1147 437 1197 hibeo,
469 1147 690 1196 contine0⁴⁶3
722 1160 824 1197 quae
855 1150 985 1186 tamen
1017 1147 1108 1185 mihi
1141 1147 1266 1185 minus
1297 1146 1591 1185 accommodata
1621 1146 1788 1185 videtur.

311 1215 477 1265 Etenim,
498 1214 528 1253 si
551 1227 682 1253 veram
706 1215 761 1253 rei
783 1215 973 1253 rationem
997 1215 1132 1264 exigis,
1154 1215 1323 1259 verbum
1338 1214 1476 1264 propie
1499 1214 1605 1252 valet
1623 1213 1788 1260 „efficio,

311 1286 353 1321 ut
384 1283 478 1333 quid
512 1287 637 1322 cesset
669 1283 729 1321 vel
762 1283 891 1333 capiat
921 1282 1077 1321 finem“.
1136 1282 1194 1321 Ac
1223 1295 1294 1331 pro
1322 1282 1388 1320 illa
1409 1281 1736 1332 interpretatione
1758 1281 1788 1319 si

310 1352 530 1390 versionem
562 1354 678 1401 poe'ta
710 1351 925 1402 digniorem
959 1362 1148 1400 quaeras,
1188 1350 1277 1388 mihi
1310 1350 1511 1399 aptissima
1542 1361 1628 1388 esse
1659 1349 1788 1387 videa-

310 1423 374 1458 tur
406 1432 469 1470 ea,
500 1432 617 1469 quam
650 1419 842 1458 Ameisius
873 1419 921 1457 ad
953 1418 1096 1458 N424
1130 1417 1430 1464 commendavit,
1462 1430 1601 1468 nempe
1637 1417 1787 1464 „ruben

311 1487 481 1526 lassen“.

917 1561 957 1604 2.
1005 1559 1185 1615 ἐρωέω.

424 1658 509 1695 Hoc
541 1657 703 1695 verbum
744 1669 930 1695 summam
964 1655 1205 1705 diligentiam
1239 1668 1285 1694 ac
1316 1656 1569 1703 sagacitatem
1603 1657 1641 1693 et
1672 1655 1788 1693 inter·
1828 1645 1829 1650 ¹

309 1728 461 1775 pretum
501 1726 798 1763 Homericorum
842 1727 880 1763 et
922 1724 1233 1773 etymologorum
1278 1723 1466 1761 exercuit.
1538 1722 1640 1760 Illud
1685 1723 1785 1760 enim
1826 1760 1827 1764 ,

310 1794 469 1831 verbum
512 1792 716 1830 dissimilia
758 1795 877 1841 atque
925 1791 997 1829 sibi
1048 1791 1247 1829 contraria
1287 1790 1509 1839 significare
1549 1789 1708 1828 videtur
1750 1793 1789 1828 et

314 1860 674 1907 ⁷,vehementissime
710 1859 883 1897 moveri“
923 1862 961 1896 et
998 1857 1215 1904 „cessare“.
1281 1858 1532 1907 Quapropter
1570 1857 1788 1895 sententiae
1825 1875 1830 1904 l

310 1928 484 1965 virorum
523 1927 726 1965 doctorum
767 1926 816 1965 de
847 1927 955 1964 verbi
989 1928 1119 1976 etymo
1151 1927 1188 1963 in
1222 1925 1377 1963 diversa
1409 1925 1564 1963 abeunt.
1625 1924 1787 1963 Contro-

310 1995 563 2044 versiamrdiu
586 1996 769 2044 agitatam
804 2007 876 2032 nec
904 2006 1010 2032 nuno
1041 1994 1090 2032 ab
1113 1994 1214 2031 omni
1237 1995 1349 2042 parte
1380 1993 1610 2041 diremptam
1634 1992 1664 2029 si
1687 2003 1787 2029 com-

310 2076 457 2113 ponere
494 2063 700 2112 studuero,
741 2063 983 2112 singulorum
1022 2062 1195 2100 virorum
1228 2061 1431 2099 doctorum
1466 2060 1610 2098 iudicia
1640 2059 1786 2109 ponde-

310 2131 435 2169 randa
466 2132 579 2169 nobis
611 2133 736 2169 erunt.

422 2199 574 2238 Primus
606 2199 870 2236 Buttmannus
906 2197 945 2235 in
983 2197 1134 2246 lexil.I,
1157 2199 1208 2235 70
1230 2208 1326 2245 sqq„
1363 2195 1477 2233 cuius
1515 2194 1562 2232 ab
1600 2194 1786 2244 opinione

311 2266 470 2305 Curtius
502 2266 539 2303 in
562 2264 642 2303 ΕΜ
664 2268 743 2304 335
776 2277 854 2302 non
886 2264 1084 2313 abhorret,
1115 2263 1294 2301 notiones
1325 2262 1395 2299 sibi
1425 2261 1641 2300 contrarias
1669 2260 1786 2298 huius
1822 2304 1823 2318 2

309 2333 417 2371 verbi
460 2334 508 2370 ad
548 2333 734 2370 familiam
779 2332 888 2370 verbi
933 2325 1019 2382 ῥέα)
1059 2330 1248 2369 reducere
1296 2329 1542 2378 alteramque
1586 2328 1785 2367 notionem
1822 2345 1823 2349 =

310 2401 486 2440 cessandi
524 2413 569 2438 ex
606 2401 731 2438 altera
769 2399 949 2438 derivare
987 2402 1151 2437 conatus
1183 2400 1250 2436 est.
1312 2397 1428 2444 Quod
1460 2398 1608 2446 quanta
1638 2395 1785 2445 sagaci-

308 2472 387 2507 tate
417 2468 481 2506 ille
512 2469 626 2506 homo
658 2468 847 2505 sermonis
878 2467 1074 2505 Homerici
1105 2464 1342 2515 peritisimus
1379 2464 1536 2514 fecerit,
1573 2463 1784 2513 disputatio

309 2536 391 2574 eius
434 2536 471 2573 in
514 2535 681 2582 lexilogo
723 2537 879 2573 exstans
921 2533 1045 2572 docet.
1112 2533 1163 2571 At
1207 2533 1271 2570 vix
1316 2531 1506 2570 credibile
1549 2533 1608 2570 cst
1648 2542 1783 2569 vocem

309 2603 481 2652 aliquam
511 2602 723 2651 simplicem
757 2614 804 2639 ex
837 2613 915 2639 una
945 2601 1082 2650 stirpe,
1119 2601 1149 2638 si
1187 2599 1376 2648 originem
1408 2598 1659 2647 indagamus,
1697 2609 1784 2646 pro-

308 2670 448 2708 fectam
493 2668 591 2707 duas
633 2669 705 2707 sibi
746 2669 963 2707 contrarias
1001 2667 1180 2706 notiones
1218 2667 1258 2704 in
1297 2677 1338 2704 se
1375 2665 1616 2715 coniungere
1654 2675 1784 2714 posse.

422 2779 449 2821 ¹)
480 2776 537 2812 Cf.
561 2776 740 2819 Kruegeri
763 2786 816 2819 gr.
835 2775 897 2809 Gr.
919 2774 947 2817 I,
972 2774 992 2818 ξ
1010 2777 1065 2817 46,
1084 2776 1113 2808 4,

1825 1795 1830 1840 l

1825 1837 1830 1874 l
