1830 3201
319 156 398 193 248

309 278 408 315 quae
447 265 551 302 aliud
590 263 636 301 ab
674 264 750 301 alio
789 263 1053 312 dependentia
1092 263 1270 300 nituntur
1305 263 1426 301 schol.
1450 264 1564 312 Vesp.
1588 266 1678 313 718,
1714 264 1787 303 nisi

308 333 412 383 quod
445 334 483 369 in
516 332 664 369 scholio
688 332 738 368 VI
775 334 854 368 tres
883 329 924 368 Γ
951 330 1148 379 myriades
1179 331 1327 368 librarii
1358 321 1451 369 vitio
1488 331 1526 369 in
1558 331 1718 380 triginta
1749 331 1787 369 A

306 401 488 438 videntur
527 401 695 436 mutatae
734 409 830 436 esse.
897 397 1077 436 Ceterum
1116 397 1270 434 videtur
1307 397 1424 436 schol.
1454 398 1510 435 III
1546 401 1685 437 auctor
1722 399 1787 437 ob-

307 479 421 505 scura
452 466 618 515 quadam
651 466 823 502 imbutus
854 463 975 501 fnisse
1006 464 1170 501 scientia
1192 476 1247 509 ea,
1280 468 1322 502 ut
1349 465 1467 502 sciret
1497 465 1784 503 Psammeticho

306 547 398 582 rege
430 534 600 572 Graecos
631 533 796 581 primum
833 532 870 568 in
903 532 1126 580 Aegyptum
1160 534 1346 581 except-os
1377 543 1461 570 esse
1498 527 1563 582 (cf.
1595 532 1784 570 Herodot-

307 604 355 652 ΙΙ,
380 604 454 640 151
471 599 588 649 sqq.);
621 600 781 649 quintus
803 602 931 636 autem
955 599 1186 636 scholiastes
1217 602 1346 647 pot-est
1377 599 1576 647 cognitum
1603 598 1785 636 habuisse

307 683 354 708 ex
376 668 566 707 Herodoti
595 668 663 710 III,
688 669 738 706 10
754 679 838 715 sqq.
872 666 1088 715 Cambysen
1123 669 1260 704 contra
1281 666 1608 704 Psammetichum
1640 666 1784 704 bellum

307 738 484 787 gessisse,
516 747 752 785 quamquam
785 734 914 772 omnia
947 733 1134 779 confudit,
1173 746 1274 772 nova
1305 735 1343 771 in
1375 746 1487 772 snum
1522 746 1631 772 usum
1662 733 1786 771 finxit.

305 806 396 843 Non
429 804 584 841 maioris
620 803 733 852 pretii
773 804 864 839 sunt
900 801 1022 838 schol.
1049 801 1101 838 IV
1131 801 1152 838 l.
1178 803 1339 840 16—18
1371 804 1409 838 et
1436 802 1469 838 V
1496 801 1518 838 l.
1543 803 1605 839 18.
1635 802 1684 839 19
1723 811 1784 837 ea-

307 872 393 910 dem
426 871 627 909 narrantia
659 870 706 907 de
738 870 880 918 Xerxe,
911 881 1000 918 quo,
1033 881 1118 906 cum
1142 868 1449 907 Atheniensibus
1473 881 1632 918 quoque
1662 867 1784 905 hostis

306 943 419 985 esset,
451 940 577 988 aptior
608 950 721 976 nemo
759 937 923 975 inveniri
963 937 1101 985 potuit.
1160 937 1324 974 Restant
1355 936 1474 986 igitur
1511 937 1588 974 duo
1621 936 1784 981 scholiag

307 1009 378 1045 VII
415 1008 438 1045 l.
458 1003 517 1056 {23
539 1019 622 1055 sqq.
660 1018 681 1042 a
713 1004 913 1043 codicibus
953 1007 1116 1053 excepto
1140 1004 1213 1041 RV
1246 1004 1476 1054 exhibitum,
1513 1004 1619 1053 quod
1650 1015 1782 1053 quam-

305 1088 418 1125 quam
452 1087 531 1112 rem
556 1074 712 1112 0111111110
736 1075 940 1111 1101110010
963 1072 1136 1122 explicat
1167 1072 1399 1121 Thucydide
1430 1073 1529 1110 bene
1560 1072 1614 1109 nti
1645 1073 1783 1121 postea

304 1143 490 1193 probabo,
532 1145 569 1180 et
599 1143 614 1179 Ι
650 1142 672 1178 l.
702 1144 754 1179 54
783 1161 836 1165 —
864 1141 886 1177 l.
916 1143 957 1178 9:
999 1135 1070 1176 ἐπὶ
1109 1129 1330 1188 Ἀμάσιδος
1367 1135 1624 1189 Αἰγυπτίων
1664 1136 1781 1185 βασι-

305 1207 412 1255 λέως
451 1205 498 1246 ἐν
536 1205 728 1260 σιτοδεία
765 1200 890 1252 ὄντες
927 1202 968 1244 οἱ
1003 1197 1225 1257 Ἀθηναῖοι
1263 1200 1464 1256 ἔπεμψαν
1498 1199 1609 1255 πρὸς
1645 1195 1783 1243 αὐτὸν

307 1274 534 1321 αἰτοῦντες
576 1281 712 1314 σῖτον.
767 1272 835 1312 καὶ
880 1268 1073 1324 {nepum
1113 1265 1263 1319 αὐτοῖς
1303 1267 1471 1311 ἱκανόν.
1529 1268 1578 1310 ἐκ
1616 1266 1782 1310 τούτου

305 1333 386 1383 οὖν
417 1345 469 1393 (111
494 1347 525 1383 R
557 1343 786 1394 compendio
819 1344 1018 1391 scriptum,
1051 1343 1097 1380 01.
1129 1339 1286 1390 1111111111)
1322 1332 1545 1392 Ἀθηναῖοι
1583 1335 1781 1391 ἔπεμψαν

303 1417 396 1458 wig
433 1408 693 1462 Αἰγυπτίοις
733 1406 976 1460 συμμαχίαν
1017 1405 1076 1454 εἰς
1118 1403 1197 1446 τὸν
1233 1402 1344 1459 πρὸς
1376 1405 1542 1459 Πέρσας
1581 1399 1780 1458 πόλεμον

304 1477 377 1517 καὶ
414 1472 531 1530 εἶχον
575 1475 727 1527 φιλίαν
765 1475 835 1514 καὶ
875 1474 1118 1527 συμμαχίαν
1157 1468 1269 1525 πρὸς
1306 1466 1534 1527 ἀλλήλους.
1592 1466 1781 1526 ὕστερον

301 1544 450 1597 μέντοι
484 1540 638 1597 ἐλύθη,
678 1543 747 1583 καὶ
783 1538 1085 1596 συνεμάχησαν
1117 1538 1158 1581 οἱ
1190 1535 1412 1594 Ἀθηναῖοι
1448 1547 1540 1587 τοῖς
1570 1539 1782 1590 βασιλέως

303 1619 562 1666 στρατηγοῖς
609 1604 720 1651 κατὰ
764 1611 857 1650 τῶν
896 1608 1157 1662 Αἰγυπτίων
1198 1602 1469 1661 Ἰφικράτους
1514 1599 1780 1661 ἡγουμένους

301 1683 371 1723 sed
403 1685 467 1721 vel
499 1684 573 1721 1100
607 1683 796 1720 scholium
837 1682 1003 1718 maxima
1034 1693 1081 1718 ex
1114 1683 1224 1729 parte
1261 1692 1390 1717 merae
1421 1679 1637 1716 inventioni
1669 1679 1778 1716 scho-

300 1752 436 1790 liastae
467 1752 632 1789 debetur
662 1749 768 1788 haud
800 1751 918 1788 nescii
952 1745 1189 1800 αιλέλληιά
1226 1748 1344 1786 fuisse
1376 1747 1610 1795 Amasidem,
1648 1748 1702 1784 ita
1738 1748 1781 1784 ut

303 1820 462 1858 Graecis
493 1832 610 1868 agros
643 1819 763 1867 daret,
801 1817 976 1866 Delphiis
1009 1817 1111 1854 inille
1143 1817 1287 1854 talenta
1325 1816 1480 1864 aliaque
1513 1815 1681 1852 mitteret
1716 1813 1779 1859 (01.

302 1887 446 1925 Herod.
475 1887 735 1935 11,178sqq.‚
774 1897 1007 1934 quamquam
1048 1885 1096 1922 dc
1127 1884 1323 1921 frumento
1362 1883 1423 1920 hic
1459 1883 1615 1920 omnino
1650 1880 1781 1927 tacet).

302 1955 482 1993 Ceterum
532 1955 629 1992 duce
669 1954 863 2003 Iphicrate
909 1965 986 1990 una
1033 1964 1118 1989 cum
1158 1951 1290 1989 Persis
1330 1950 1591 1988 Athenienses
1635 1949 1777 1986 bellum

303 2023 470 2071 gessisse
502 2025 639 2060 contra
660 2020 878 2070 Aegyptios
912 2020 1107 2057 Diodorus
1139 2031 1296 2068 quoqne
1328 2022 1464 2056 auctor
1487 2020 1544 2056 est
1575 2016 1673 2066 (XV,
1693 2014 1778 2062 41);

302 2089 371 2127 sed
409 2089 514 2127 unde
551 2089 778 2126 scholiastes
814 2087 1003 2137 pendeat,
1046 2090 1174 2124 utrum
1210 2086 1258 2123 ab
1299 2086 1473 2135 Ephoro,
1515 2085 1580 2133 qni
1618 2083 1778 2121 Diodori

302 2156 391 2194 fons
422 2155 533 2206 estT),
573 2169 620 2193 an
659 2156 707 2193 ab
739 2155 832 2204 alio,
876 2154 950 2192 dici
987 2166 1064 2192 non
1105 2156 1242 2202 potest.
1302 2154 1422 2190 Recte
1458 2151 1637 2189 fecerunt
1677 2150 1780 2188 Reh-

303 2225 484 2263 dantzins
521 2227 559 2262 01
590 2220 882 2270 Dunokfflusb),
924 2221 1027 2268 quod
1065 2221 1208 2259 nullam
1246 2221 1518 2258 auctoritatem
1555 2219 1780 2256 tribuerunt

303 2293 464 2341 scholio,
501 2305 586 2329 cum
625 2303 739 2339 quam
772 2290 820 2327 ad
852 2302 931 2328 rem
971 2289 1189 2327 ostenderit
1226 2291 1341 2337 poeta
1380 2287 1480 2324 idem
1512 2285 1779 2323 Rehdantzius

303 2360 399 2397 benc
422 2359 760 2397 demonstraverit.
806 2359 1201 2406 Interprctamentum
1225 2368 1342 2404 porro
1365 2367 1386 2391 a
1402 2354 1612 2392 scholiasta
1634 2353 1777 2389 factum

304 2427 423 2464 habes
454 2427 559 2465 Eccl.
580 2429 677 2476 825,
705 2425 767 2463 ubi
801 2437 884 2462 cum
919 2425 966 2462 de
990 2424 1157 2462 decretis
1190 2425 1304 2460 antea
1326 2421 1471 2459 dictum
1495 2422 1544 2458 sit
1575 2418 1777 2459 commodo

304 2495 538 2543 reipublicae
570 2493 670 2531 datis
700 2493 748 2530 ad
779 2493 917 2530 verba:

415 2615 443 2655 7>
477 2610 532 2647 Cf.
550 2611 863 2655 Volquardsenus,
898 2609 1229 2652 Untersnchungen
1260 2607 1317 2641 iib.
1344 2607 1378 2640 d.
1404 2606 1557 2648 Quellen
1584 2606 1617 2640 d.
1642 2604 1775 2648 griech.

304 2678 339 2702 11.
357 2669 444 2702 sizil.
464 2667 593 2702 Gesch.
611 2668 646 2702 b.
665 2667 813 2701 Diodor.
855 2666 937 2700 Kiel
958 2668 1054 2707 1868,
1084 2674 1191 2708 pagg.
1212 2667 1329 2698 1—71.

415 2725 443 2767 ⁸)
477 2723 532 2758 Cf.
558 2722 820 2766 Rehdantzius‚
845 2722 951 2756 Vitae
978 2721 1183 2765 Iphicratis,
1216 2719 1405 2762 Chabriae,
1434 2717 1613 2752 Timothei
1638 2714 1777 2750 Athen.

304 2780 422 2814 Berol.
444 2783 538 2824 1845,
562 2789 644 2823 pag.
663 2782 720 2813 241
752 2778 834 2813 adn.
856 2782 914 2820 1ος
949 2776 1183 2820 Dunckerus,
1207 2774 1346 2810 Abhdl.
1369 2785 1398 2810 a.
1426 2775 1459 2809 d.
1483 2773 1616 2817 griech.
1634 2772 1776 2816 Gesch„

304 2845 388 2880 pag.
407 2839 469 2870 135
494 2836 574 2871 adn.
596 2839 625 2872 1.
