1830 3201
298 186 376 222 246

299 297 386 334 Non
420 296 530 333 aliter
561 307 601 332 se
632 294 750 331 habet
781 293 899 331 schol.
921 294 1013 342 Lys.
1037 296 1115 332 632
1148 294 1170 330 l.
1191 296 1241 331 41
1259 306 1352 343 sqq.⁷
1384 293 1448 331 ubi
1478 294 1597 332 verba
1628 283 1696 331 ὅτι
1722 288 1769 330 ἒν

296 384 350 387 —
371 353 696 412 Αριστογείτων
729 361 809 398 fere
833 361 1007 398 reddunt
1029 361 1198 406 scolium,
1231 361 1336 410 quod
1360 362 1505 410 legitur
1526 361 1629 410 apud
1651 361 1771 399 Athe-

296 443 435 468 naeum
466 430 599 468 69510:

591 492 638 533 ἐν
667 490 837 546 μύρτου
869 492 997 533 κλαδὶ
1030 490 1082 533 τὸ
1113 493 1239 545 ξίφος
1270 490 1464 546 φορήσω,

591 555 735 613 ὥσπερ
767 553 986 613 Ἁρμόδιος
1017 560 1089 600 καὶ
1122 553 1444 614 Ἀριστογείτων

590 624 662 668 ὅτε
693 625 773 667 τὸν
804 624 1025 681 τύραννον
1057 628 1272 682 κτανέτην

590 692 826 748 ἰσονόμους
857 689 894 735 τ)
913 689 1096 749 Αθήνας
1127 693 1394 750 ἐποιησάτην

294 766 357 813 (cf.
379 765 583 815 Bergkius,
605 767 712 803 Poe't.
734 766 806 814 ly1.
828 778 956 813 graec.
980 767 1033 803 111
1063 779 1153 814 pag.
1175 764 1282 814 646).
1329 766 1442 813 Quod
1467 779 1514 804 ne
1537 766 1768 804 scholiastae

294 833 449 882 quidem
472 834 645 881 ignotum
669 833 787 870 fuisse
810 833 950 881 probat
972 846 1030 882 pr
1023 835 1129 870 aeter
1151 834 1256 871 hunc
1278 835 1403 871 locum
1427 835 1548 872 schol
1565 834 1660 871 Ach.
1677 836 1769 873 980

293 902 370 938 Iam
404 900 513 938 vides
545 913 590 937 ea
622 913 722 949 quae
753 903 989 949 sequuntur:
1026 888 1153 937 οὗτοι
1183 894 1264 951 γὰρ
1303 891 1390 937 ἀπὸ
1421 898 1516 938 τῶν
1544 898 1769 951 μυρσίιων

292 961 472 1005 κλάδων
517 960 571 1004 τα
610 964 714 1017 ξίφη
758 958 1087 1013 ἀνασπάσαντες
1130 962 1210 1005 τὸν
1255 961 1476 1018 τύραιηνοι
1524 965 1770 1016 κατέβαλον

293 1035 389 1072 nihil
420 1046 504 1072 esse
541 1035 612 1072 nisi
644 1035 805 1072 scolium
838 1035 1013 1072 oratione
1044 1036 1171 1073 soluta
1207 1035 1378 1073 allatum.
1438 1036 1768 1084 Interpretamen-

292 1106 372 1139 tum
410 1115 429 1139 e
467 1105 606 1151 poetae
639 1114 754 1139 versu
793 1103 973 1139 haustum
1017 1102 1215 1151 profertur
1252 1115 1369 1151 porro
1410 1103 1529 1140 schol.
1557 1103 1647 1151 Lys.
1678 1105 1770 1151 394,

293 1183 528 1218 quamquam
572 1171 698 1219 potuit
734 1170 964 1207 scholiastes
1004 1183 1026 1207 a
1062 1170 1294 1219 Thucydide
1332 1170 1476 1217 doceri,
1515 1171 1581 1219 qui
1618 1171 1653 1207 Π
1682 1172 1718 1218 9,
1745 1172 1769 1207 4

292 1239 393 1276 inter
424 1239 551 1276 socios
580 1238 876 1276 Atheniensium
908 1242 1112 1276 enumerat
1143 1239 1388 1287 Zacynthios,
1418 1239 1657 1288 Thesmoph.
1677 1240 1771 1286 495,

293 1306 388 1343 Rau.
420 1309 512 1354 362,
553 1305 659 1355 quod
698 1305 857 1354 dignum
897 1309 956 1343 est
996 1305 1101 1354 quod
1140 1306 1272 1354 paullo
1310 1308 1531 1343 accuratius
1568 1295 1770 1344 tractetur.

294 1373 617 1422 Coniungendum
648 1376 706 1410 est
737 1385 822 1410 cum
856 1373 929 1410 hoc
959 1373 1106 1411 scholio
1137 1373 1258 1411 schol.
1281 1374 1410 1422 Equit.
1433 1376 1512 1412 279
1544 1371 1608 1419 (cf.
1631 1373 1770 1411 Suidas

293 1452 321 1478 s.
349 1453 382 1478 v.
411 1430 713 1489 ὑποζώματαᾞ
754 1429 967 1490 ἀπείρητο
1009 1436 1054 1477 δὲ
1093 1430 1180 1477 ἀπὸ
1219 1431 1415 1491 ,Ἀθηνῶν
1455 1433 1622 1490 ἐξάγειν
1661 1433 1769 1488 ξύλα

294 1503 367 1544 καὶ
403 1504 583 1545 πίσσαν·
621 1501 739 1557 εἶχον
778 1502 823 1543 δὲ
861 1503 933 1544 καὶ
970 1506 1012 1544 οἱ
1048 1501 1387 1556 Λακεδαιμόιίοι
1425 1501 1630 1558 τριήρεις,
1669 1520 1770 1557 quae

294 1575 412 1613 verba
440 1589 460 1612 e
483 1580 621 1624 poetae
644 1576 766 1625 ipsius
788 1577 919 1614 verbis
942 1575 1082 1613 hausta
1103 1578 1194 1612 sunt
1221 1575 1396 1613 adhibito
1418 1576 1539 1613 schol.
1561 1577 1655 1613 Ran.
1679 1578 1770 1614 362.

293 1643 353 1680 Ad
393 1644 496 1680 hunc
534 1644 634 1680 enim
672 1656 828 1681 versum
870 1646 1028 1692 praeter
1065 1643 1233 1691 glossam
1276 1643 1420 1681 codicis
1452 1644 1484 1680 R
1518 1632 1771 1693 τάπόρρητέ

293 1702 348 1746 τὰ
381 1708 455 1760 τῆς
490 1703 661 1754 πόλεως
697 1704 912 1761 μυστήρια
949 1709 1126 1757 (Mai-tin)
1168 1711 1287 1748 habes
1324 1711 1471 1749 scholia
1506 1711 1592 1759 tria,
1628 1710 1770 1759 quibus

295 1790 453 1826 operam
477 1779 635 1815 navavit
657 1779 909 1826 Fritzschius,
932 1779 990 1815 De
1014 1790 1129 1816 carm.
1147 1780 1261 1826 myst.
1282 1790 1398 1827 pagg.
1416 1781 1466 1816 57
1482 1787 1584 1827 sqq:
1617 1777 1770 1815 schol.I

292 1845 315 1882 1.
340 1848 513 1894 10—13,
545 1845 644 1883 falso
667 1837 897 1897 ἀπόρρητα
921 1846 967 1883 de
990 1846 1185 1894 mysterffis
1206 1846 1457 1895 intellegens3
1492 1846 1527 1883 ΙΙ
1560 1846 1583 1882 l.
1607 1847 1770 1883 14-—20

293 1912 467 1950 adhibito
489 1913 913 1962 A1ist.Equit.v..‘-379
943 1914 1131 1951 exhibens
1153 1913 1266 1950 haec:
1299 1903 1527 1963 ἀπόρρητα
1549 1908 1594 1949 δὲ
1616 1905 1769 1962 ἔλεγον

292 1990 331 2015 τι
378 1969 642 2030 ιῖπειρηιιένα
673 1974 918 2030 εξάγεσθαι.
970 1976 1019 2017 ἐν
1049 1978 1160 2030 γοῦν
1190 1973 1365 2025 τούτοις
1400 1975 1594 2029 ἐπιφέρει
1631 1969 1770 2016 ἀσκώ-

290 2058 403 2095 ματα
435 2044 506 2083 καὶ
538 2044 636 2084 λίνα
673 2044 745 2084 καὶ
776 2044 948 2084 πίτταν.
1002 2043 1140 2097 δῆλον
1179 2038 1247 2084 ὅτι.
1285 2037 1415 2084 οὐδὲν
1451 2042 1537 2083 ἔδει
1575 2036 1768 2096 ἀποπέμ-

292 2124 393 2149 πειν
428 2106 644 2160 τούτωνῦ)
683 2109 728 2162 ἐξ
758 2110 956 2164 Αἰγίνης,
997 2102 1059 2150 (ὗν
1098 2114 1185 2163 (pro
1224 2126 1301 2162 quo
1339 2114 1569 2162 Blaydesius
1604 2114 1640 2151 in
1679 2113 1769 2151 edit.

292 2182 387 2218 Rau.
421 2194 497 2219 non
529 2183 673 2220 rectius
710 2184 931 2232 suspicatus
963 2186 1020 2220 est
1057 2173 1130 2226 ὠςς
1168 2182 1349 2230 equidem
1388 2184 1481 2230 puto
1519 2180 1767 2218 scribendum

292 2259 378 2285 esse
409 2248 466 2292 οι)
502 2245 747 2297 Θωρυκίων
779 2243 831 2286 τὰ
863 2239 1131 2299 απόρρητα
1116 2239 1360 2300 Ἀθηιηθεν
1381 2239 1643 2298 αποπέμπει.
1695 2239 1769 2284 ὅτε

292 2305 373 2350 οἷν
411 2309 521 2364 πρὸς
561 2327 664 2360 τους
701 2313 1091 2367 Πελοπονιησιόυς
1126 2315 1180 2366 ηι
1218 2305 1240 2351 ὁ
1273 2309 1475 2366 πόλειιος,
1516 2307 1769 2366 απόρρητον

291 2371 344 2428 ἧν
374 2392 428 2416 τα
457 2392 567 2431 προς
589 2379 837 2433 ναυπηγίαν
867 2376 1046 2433 {gciyeun
1109 2383 1220 2429 Quae
1242 2386 1462 2431 sequuntur
1494 2395 1579 2420 mea
1610 2382 1767 2431 quidem

292 2449 484 2485 sententia
514 2462 591 2486 non
624 2451 698 2487 iam
730 2450 806 2487 huc
837 2452 1044 2500 pertinent,
1074 2450 1143 2488 sed
1176 2462 1221 2487 eo
1249 2452 1440 2499 spectant,
1471 2452 1512 2488 ut
1543 2451 1768 2499 quaeratur,

292 2528 370 2563 quo
408 2516 603 2554 referatur
638 2517 735 2554 illud
774 2512 819 2565 ἐξ
851 2513 1045 2568 Αἰγίνης,
1086 2521 1216 2555 utrum
1253 2517 1303 2554 ad
1341 2507 1590 2566 ἀποπέμπει
1631 2529 1681 2555 an
1719 2516 1768 2553 ad

293 2575 368 2619 ὢν.
427 2584 632 2632 Leguntur
664 2585 764 2622 enim
797 2586 911 2623 haec:
951 2576 1050 2634 ἤτοι
1087 2580 1132 2621 δὲ
1169 2574 1192 2621 ὁ
1229 2582 1474 2635 Θωρυκίων
1513 2581 1558 2633 ἐξ
1588 2580 1768 2635 Αἰγίνης

403 2692 432 2732 ⁶)
463 2690 507 2723 V:
533 2693 667 2724 τοῦτον
694 2688 936 2733 ἀποπέμπειν
967 2697 1003 2726 et
1027 2693 1126 2726 l.17:
1161 2688 1366 2735 Ἀθήνηθεν
1393 2688 1437 2725 τὰ
1463 2687 1679 2736 ἅπόρρητα;
1712 2700 1767 2725 ce-

292 2748 406 2779 terum
440 2756 511 2779 non
546 2747 583 2780 in
608 2747 726 2781 animo
760 2748 875 2782 habeo
910 2749 1001 2782 tales
1027 2749 1251 2783 differentias
1281 2759 1405 2783 omnes
1437 2749 1578 2791 afferre,
1611 2759 1691 2782 cum
1722 2747 1768 2781 ad

294 2804 431 2835 textum
456 2803 590 2837 nullius
616 2804 690 2838 sint
714 2805 900 2838 momenti:
934 2805 1033 2848 quod
1059 2805 1310 2849 unusquisque
1342 2805 1450 2840 facile
1477 2805 1563 2838 mihi
1587 2805 1767 2849 ignoscet.
