1815 3231
1441 184 1518 218 297

149 291 217 338 25)
258 292 386 331 Schol.
415 294 484 331 Av.
515 296 610 332 399:
653 284 837 343 'Gom-cc&
869 284 965 330 ιέντὶ
998 291 1079 330 τοῦ
1112 294 1177 334 (itt
1210 292 1370 337 Martin)
1402 283 1522 342 παρὰ

34 352 89 395 τὰ
120 349 271 409 ὄρνεα·
310 353 502 408 ἐ’παιξι-ν·
541 355 628 398 Ξ-’στι
667 357 712 397 (δὲ
749 359 824 412 τῆς
862 352 1047 411 Ἀργείας
1085 354 1223 406 πόλις,
1264 348 1519 410 ἧςὍμηρος

33 421 293 477 μνημονεύει
338 427 429 465 κτλ.
492 423 596 473 ἴσως
646 424 691 465 δὲ
742 418 808 465 ὅτι
864 424 910 465 ἐν
959 419 1141 478 Ὀρνεαῖς
1185 421 1299 478 μάχη
1349 423 1519 477 ἐγένετο

35 491 400 545 Λακεδαιμονίων
433 492 507 532 καὶ
536 486 754 546 Ῑ-Ιργι-ίωιν
797 496 975 546 γελοῖον
1007 493 1050 533 (δὲ
1090 490 1140 533 τι)
1180 489 1376 546 φήσομεν
1416 486 1522 532 ἀπο-

36 560 207 609 θανεῖν,
245 563 351 613 quod
390 565 577 602 scholium
618 565 807 613 originem
849 564 965 602 debet
1001 565 1127 602 Thuc.
1152 565 1213 613 VI,
1244 567 1277 602 7.
1342 564 1522 602 Ceterum

37 629 84 668 cf.
116 643 153 680 p.
175 633 254 669 225
289 634 326 669 et
357 631 528 680 Curtius,
560 632 808 680 Peloponnes
842 632 876 668 11
908 645 943 681 p.
965 634 1059 670 478.

151 708 219 755 26)
258 709 317 747 Ad
341 710 411 747 Av.
437 713 513 749 186
547 710 621 747 tria
654 710 774 747 habes
805 710 967 759 scholia,
999 710 1076 747 dno
1108 710 1155 748 ad
1185 710 1322 747 lemma
1352 702 1457 753 τοὺς
1488 700 1524 746 δ’

38 767 93 813 αὖ
123 770 273 823 θεοὺςε
306 777 323 814 Ι
355 772 403 813 ἐν
422 781 515 822 τοῖς
539 775 976 827 Πελοποννησιακοῖς
997 770 1108 813 κατὰ
1130 770 1316 814 πάντων
1338 773 1522 827 ΛΙηλίων

36 840 201 882 Νικίαν
222 841 475 895 πέμψαντες
500 835 737 896 Ἀθηναῖοι,
769 840 840 882 ἐπὶ
862 843 1081 883 τοσοῦτον
1103 837 1426 895 ἐπολιόρκησαν
1449 835 1524 880 αύ-

38 905 143 957 roi-g
165 902 277 949 ὥστε
300 911 410 963 λιμῷ
432 910 700 962 διαφθεῖραι,
741 913 775 950 11
808 911 872 962 τῷ
905 909 949 949 dt
982 905 1149 962 πρώτῳ
1182 911 1272 959 (ser.
1303 908 1523 962 προτέρῳ)

38 973 123 1017 ἔτει
154 976 311 1026 Νικίας
346 979 507 1030 Μῆλον
546 973 851 1030 παρεστήσατο
891 971 946 1017 ου’
976 973 1117 1030 μόνον
1153 977 1364 1030 μηχανῶν
1393 986 1523 1028 προσ-

39 1045 186 1098 αγωγῇ
227 1038 338 1085 ἀλλὰ
378 1045 450 1085 καὶ
483 1045 594 1098 λιμῷ
639 1041 710 1084 διὰ
744 1039 795 1084 τὸ
830 1038 1075 1098 ἀποστῆναι
1113 1039 1264 1084 αὐτῶν
1304 1040 1525 1096 πρότερον

38 1106 235 1166 ὕποτελῆ
268 1102 419 1162 οὖσαν,
452 1117 606 1154 tertium
641 1116 687 1153 ad
721 1117 860 1154 lemma
893 1114 1005 1166 λιμῷ
1027 1112 1203 1166 Μηλίῳ·
1237 1105 1331 1152 ἀντὶ
1355 1113 1438 1152 τοῦ
1459 1126 1524 1164 με-

38 1178 193 1233 γίστῳ·
231 1180 388 1234 Μῆλος
420 1179 467 1221 δέ
497 1178 587 1221 ἐστι
623 1175 755 1228 πόλις
786 1179 1023 1228 Θεσσαλίας
1063 1183 1186 1232 (quod
1224 1184 1398 1232 ineptum
1432 1181 1524 1227 est)·

38 1246 111 1287 καὶ
143 1245 184 1287 οἱ
207 1243 371 1301 Μήλιοι
402 1243 775 1301 πολιορκούμενοι
808 1239 899 1287 ὑπὸ
925 1240 1172 1301 Ἀθηναίων
1195 1248 1306 1300 λιμῷ
1329 1245 1527 1298 ἐπιέσθη-

41 1325 122 1355 σαν
144 1314 218 1355 καὶ
234 1311 604 1368 παραδεδώκασιν
625 1311 808 1363 ἑαυτοὺς
830 1309 888 1363 ὡς
909 1315 1184 1369 Θουκυδίδης
1206 1313 1252 1355 ἐν
1266 1315 1320 1366 τῇ
1337 1314 1527 1366 πέμπτη,

41 1386 146 1435 qnod
180 1386 265 1425 cod.
288 1388 319 1424 R
350 1387 475 1424 solum
509 1387 636 1425 habet.
697 1387 842 1424 Eodem
877 1386 1046 1435 pertinet
1077 1386 1199 1424 schol.
1227 1386 1298 1424 Av.
1326 1388 1422 1425 363:
1454 1383 1527 1421 Λί-

40 1450 160 1491 κίαν·
194 1447 509 1504 φρονιμώτατα
539 1448 620 1505 γὰρ
652 1452 765 1505 λιμῷ
787 1450 985 1505 Μηλίους
1016 1443 1200 1490 ἀνεῖλεν.
1261 1453 1444 1490 Profecta
1467 1456 1526 1489 est

41 1522 214 1560 narratio
237 1535 259 1559 a
280 1523 404 1560 Thuc.
429 1524 473 1572 V,
496 1525 591 1571 1143
621 1525 711 1571 116,
737 1525 759 1560 2
776 1534 872 1571 sqq„
899 1534 983 1560 cum
1007 1521 1099 1559 illud
1123 1518 1235 1571 λιμῷ
1257 1515 1527 1570 ἐπιέσθησαν

43 1592 81 1627 et
112 1601 132 1627 e
154 1592 296 1639 poetae
319 1590 453 1628 verbis
483 1592 682 1639 sumptum
705 1589 754 1627 sit
786 1593 823 1627 et
855 1602 874 1627 e
896 1589 1018 1627 Thue.
1043 1591 1133 1637 114,
1158 1592 1177 1626 1
1210 1583 1529 1637 περιετείχισαν

48 1649 199 1707 κύκλῳ
230 1648 336 1702 τους
362 1653 572 1708 Μηλίους.
626 1656 703 1694 Sed
726 1657 803 1694 duo
826 1659 984 1694 restant.
1035 1657 1133 1694 Nam
1167 1655 1271 1694 unde
1304 1655 1401 1693 illud
1423 1665 1529 1704 προ-

44 1720 159 1776 τέρῳ
182 1718 265 1763 ἔτει
296 1728 493 1774 sumptum
527 1728 565 1763 et
596 1725 701 1762 unde
725 1728 923 1774 sumptum
956 1724 1072 1762 Nicia
1101 1724 1200 1762 duce
1231 1736 1311 1761 rem
1342 1724 1531 1771 evenisse,

44 1805 130 1830 cum
162 1793 288 1831 Thue.
320 1806 404 1842 cap.
427 1795 492 1842 84,
514 1796 537 1831 3
571 1793 715 1831 diserte
747 1792 888 1830 doceat
925 1793 1062 1829 missos
1095 1804 1181 1829 esse
1213 1790 1459 1829 Cleomedem
1493 1795 1531 1827 et

43 1860 219 1898 Tisiam?
270 1860 395 1907 Quam
418 1860 466 1898 ob
488 1871 570 1898 rem
603 1860 779 1897 Wassius
810 1858 954 1896 Tisian]
988 1871 1059 1907 pro
1082 1859 1195 1896 Nicia
1226 1857 1408 1896 substitui
1433 1858 1530 1899 vult,

45 1940 131 1965 cum
160 1925 506 1976 Wesselingiusffl)
545 1939 678 1964 errore
717 1939 738 1963 a
774 1927 900 1975 prima.
937 1925 1185 1975 expeditione
1224 1938 1245 1961 a
1276 1925 1391 1962 Nicia
1428 1924 1532 1961 facta

46 2008 186 2033 nomen
219 1995 267 2033 ad
301 1996 402 2033 hanc
434 1996 664 2033 translatum
696 1997 809 2044 putet
840 2006 935 2032 esse.
997 1993 1112 2041 Quod
1153 1993 1233 2031 fere
1272 1996 1421 2030 rectum
1463 1996 1531 2037 est,

46 2063 122 2101 Sed
155 2063 256 2101 forte
287 2063 446 2101 fortuna
483 2063 680 2112 quomodo
716 2063 852 2099 vitium
893 2064 1026 2099 natum
1065 2062 1113 2098 sit
1150 2060 1287 2098 melius
1325 2072 1533 2110 possumus

48 2143 300 2181 cognoscere.
360 2132 412 2170 Ut
449 2132 551 2169 enim
591 2131 629 2168 in
667 2129 825 2179 Didymi
864 2129 1158 2178 commentario,
1193 2128 1240 2165 ad
1279 2140 1393 2176 quem
1436 2127 1533 2165 haec

48 2198 200 2236 scholia
222 2198 410 2236 recedere
437 2200 552 2236 antea
574 2197 838 2245 probavimus,
869 2195 916 2233 de
939 2195 1053 2233 Nicia
1075 2195 1171 2232 nihil
1192 2194 1387 2232 exstitisse
1419 2194 1534 2232 docet

48 2265 271 2314 Hesychius
302 2268 340 2303 et
370 2265 564 2303 Zeuobius
596 2268 634 2302 et
665 2264 785 2302 schol.
806 2264 876 2312 III,
906 2263 960 2300 ita
990 2275 1039 2300 nc
1070 2262 1119 2299 ad
1151 2274 1307 2299 versum
1338 2264 1416 2301 363
1450 2263 1531 2310 qui-

54 2332 139 2370 dem
173 2332 468 2381 explicandum:
499 2321 856 2381 ὗπερακοντίζεις
886 2323 938 2366 σύ
968 2319 1006 2379 γ’
1027 2321 1109 2380 ἤδη
1140 2325 1301 2366 Νικίαν
1331 2332 1426 2372 ταῖς
1456 2340 1531 2379 μη-

48 2402 204 2449 χαναῖς
226 2400 351 2438 solum
384 2401 474 2438 olim
498 2400 646 2437 exstitit
667 2398 704 2436 id
728 2398 917 2436 scholium
951 2397 1055 2446 quod
1078 2397 1202 2441 attuli⁷
1234 2396 1302 2434 sed
1325 2396 1426 2434 forte
1457 2396 1534 2434 for-

51 2470 147 2505 tuna
168 2466 308 2505 Snidas
330 2479 359 2505 s.
376 2480 411 2505 V.
432 2455 790 2517 ὑπερακοντίζεις
813 2465 1117 2502 vetustissimum
1140 2464 1311 2501 servavit
1329 2464 1534 2501 scholium:

50 2527 304 2584 Σύμμαχος·
345 2525 458 2585 πρὸς
494 2528 577 2584 τὴν
606 2529 781 2584 [Πηλίου
811 2527 1093 2580 πολιορκίαν·
1132 2523 1350 2580 Φρύνιχος
1383 2560 1390 2567 .
1425 2559 1432 2566 .
1467 2560 1474 2567 .
1506 2522 1532 2579 ἢ

52 2590 122 2638 ὅτι
152 2600 263 2647 κτλ.,
295 2601 401 2639 unde
429 2602 612 2646 cernitur,
645 2613 732 2638 cum
755 2599 1011 2648 Symmachus
1043 2598 1092 2635 ad
1116 2610 1199 2636 eam
1232 2598 1321 2635 Meli
1344 2598 1536 2635 obsessio-

52 2680 139 2706 nem
170 2681 251 2706 rem
274 2669 479 2716 rettulerit,
511 2681 613 2718 quae
644 2680 784 2706 revera
814 2665 927 2704 Nicia
949 2665 1050 2703 duce
1078 2666 1265 2712 evenerit,
1297 2677 1533 2714 quamquam

165 2788 209 2827 ³⁴)
242 2786 308 2820 Hie
333 2786 379 2819 ad
404 2785 550 2821 Diodor.
570 2785 653 2829 XII,
672 2788 723 2828 SO,
749 2784 809 2818 ille
834 2783 880 2818 ad
905 2783 1020 2817 Thuc.
1039 2781 1083 2825 V,
1106 2786 1178 2817 116.

147 2865 239 2896 Diss.
258 2865 336 2895 Hal.
354 2865 418 2894 XI.
1294 2861 1335 2892 20
