1830 3201
286 195 361 230 142

281 304 322 341 31.
345 310 369 340 σ
391 306 453 352 22,
491 303 595 353 quod
629 303 815 343 debemus
846 305 1079 354 Porphyrio,
1118 317 1137 343 e
1169 305 1268 343 libro
1299 301 1399 355 περὶ
1430 303 1507 356 τῆς
1540 303 1759 358 Ομηρικῆς

281 367 517 421 συιήθέίας
547 372 671 421 repeti
701 373 888 427 potuisse,
925 372 963 409 id
994 372 1108 409 simul
1139 374 1413 420 argumentum
1444 372 1494 410 ad
1525 385 1668 411 vanum
1700 385 1758 411 re-

282 437 439 487 digitur,
479 438 585 487 quod
626 439 821 477 Zenodori
860 451 1000 476 nomen
1042 438 1091 476 ad
1132 439 1175 477 11.
1206 450 1230 489 ρ
1263 442 1342 478 263
1385 442 1423 477 et
1454 439 1525 479 Od.
1554 437 1580 477 d
1607 443 1687 479 477
1719 441 1758 478 in

286 505 628 554 „quaestionibus“
665 507 904 555 perhibetur.
964 506 1143 544 Ceterum
1182 519 1230 544 ne
1261 506 1358 544 illud
1390 507 1545 556 quidem
1577 509 1758 556 neglexe-

281 572 351 609 rim
384 572 575 610 rationem
608 573 724 610 huius
756 573 894 610 scholii
927 584 1049 621 prope
1081 573 1272 611 accedere
1303 573 1353 611 ad
1379 573 1511 623 Apoll.
1530 574 1647 623 Soph.
1674 586 1702 612 s.
1724 587 1760 612 v.

281 636 449 688 ζῶστρα
480 639 785 690 adnotationem,
817 652 931 689 quam
955 640 1004 677 ad
1027 641 1394 679 commentationem
1425 637 1527 690 περὶ
1548 639 1625 691 τῆς
1641 630 1760 692 Ὁμη-

281 704 406 756 ρικῆς
442 704 678 757 συνηθείας
722 707 969 745 referendam
1007 719 1092 745 esse
1136 707 1379 746 Schraderus
1416 710 1620 747 concessit.
1683 708 1760 747 Sed

283 777 326 812 ut
353 774 567 823 largiamur
598 774 844 813 Zenodorum
867 775 1132 824 composuisse
1161 775 1376 813 solutiones
1397 776 1638 825 Homericas,
1669 776 1760 814 inde

282 846 411 880 tamen
445 843 575 891 colligi
598 855 674 880 non
696 845 825 892 potest
852 842 1093 881 Zenodotum
1117 855 1255 892 nempe
1276 843 1587 882 Alexandrinum
1619 844 1758 882 librum

283 902 425 953 λύσεις
449 901 691 960 Ὁμηρικῶν
720 900 1020 960 ἄπορημάτων
1053 923 1129 948 non
1163 911 1458 960 conscripsisse,
1488 924 1602 960 quem
1634 912 1759 960 Hesy-

283 978 394 1015 chius
425 978 457 1014 ei
489 978 637 1027 tribuit,
668 979 897 1027 praesertim
931 990 1018 1015 cum
1050 978 1087 1015 in
1120 978 1183 1016 illo
1216 977 1434 1016 studiorum
1457 990 1603 1028 genere
1633 991 1760 1028 gram-

282 1044 410 1082 matici
434 1045 614 1093 permulti
637 1045 714 1082 sint
735 1045 892 1082 versati.
951 1046 1040 1083 Duo
1072 1045 1174 1082 enim
1206 1048 1363 1083 exstant
1399 1045 1435 1082 in
1471 1045 1553 1083 cod.
1572 1047 1666 1083 Ven.
1692 1044 1759 1092 3¹)

282 1112 366 1157 loci,
399 1113 463 1150 ubi
497 1112 738 1150 Zenodotum
767 1112 962 1161 quendam
995 1114 1033 1150 in
1056 1112 1259 1151 solvendis
1281 1112 1574 1152 difficultatibus
1604 1126 1759 1163 operam

283 1180 498 1218 collocasse
529 1181 684 1229 legitur.
745 1181 832 1228 Qua
862 1181 900 1218 in
932 1193 974 1218 re
1005 1180 1215 1218 tractanda
1251 1181 1495 1219 Schraderus
1531 1194 1577 1219 ea
1608 1183 1672 1219 via
1702 1184 1761 1219 est

282 1260 527 1297 progressus,
570 1251 611 1285 ut
649 1248 838 1286 Zenodoti
876 1260 1015 1286 nomen
1054 1248 1178 1286 errori
1216 1248 1349 1287 deberi
1390 1248 1600 1287 arbitratus
1640 1250 1759 1287 Zeno-

283 1315 420 1353 dorum
452 1315 758 1363 intellegendum
791 1327 875 1353 esse
913 1315 1083 1353 doceret.
1141 1315 1215 1354 Sed
1248 1327 1321 1364 ego
1353 1315 1509 1364 quidem
1547 1328 1570 1353 a
1600 1328 1659 1354 me
1695 1317 1759 1353 im-

282 1385 439 1430 petrare
470 1395 547 1420 non
582 1394 754 1431 possum⁷
786 1385 827 1420 ut
858 1383 948 1420 huic
970 1384 1221 1420 coniecturae
1252 1382 1455 1420 assentiar.
1514 1383 1641 1421 Petita
1670 1385 1762 1421 sunt

282 1450 347 1487 illa
378 1450 523 1487 scholia
555 1462 575 1487 e
607 1450 740 1488 codice
769 1451 810 1499 B,
848 1462 963 1499 quem
994 1450 1033 1487 in
1066 1449 1355 1500 distinguendis
1386 1451 1605 1488 nominibus
1636 1451 1761 1489 Zeno-

282 1517 364 1555 doti
402 1521 440 1556 et
470 1517 662 1555 Zenodori
699 1520 834 1555 testem
873 1518 967 1555 satis
1002 1530 1162 1567 gravem
1201 1518 1359 1567 prodire
1396 1530 1517 1567 supra
1548 1517 1761 1565 vidimus.2)

284 1585 397 1633 Quod
430 1586 461 1623 si
494 1588 616 1634 tenes,
654 1597 810 1623 causam
849 1597 926 1623 non
959 1597 1046 1623 esse
1083 1598 1152 1624 cur
1188 1586 1246 1623 bis
1277 1586 1486 1624 Zenodoti
1518 1599 1658 1624 nomen
1695 1587 1760 1625 ab·

280 1653 485 1699 iciendum,
507 1652 722 1690 Zenodori
743 1653 1011 1701 accipiendum
1036 1665 1120 1691 esse
1143 1656 1337 1703 putemus,
1363 1654 1529 1692 libenter
1551 1654 1759 1693 concedes.

394 1722 453 1759 Ac
488 1724 639 1759 tantum
677 1721 724 1759 de
762 1720 968 1759 Zenodoro
1007 1724 1044 1759 et
1080 1721 1295 1760 Zenodoto:
1341 1723 1500 1771 scripsit
1535 1722 1760 1760 Zenodorus

282 1790 421 1827 librum
449 1785 549 1839 περὶ
580 1786 657 1838 τῆς
683 1778 866 1839 Ὁμήρου
896 1785 1145 1839 συνηθείας,
1177 1801 1291 1838 quem
1324 1789 1546 1839 Hesychius
1582 1788 1760 1834 temere3)

282 1857 480 1895 Zenodoto
513 1856 782 1895 Alexandrino
815 1857 1042 1906 vindicavit3
1080 1860 1210 1895 cetera
1247 1870 1379 1906 opera,
1417 1870 1518 1907 quac
1553 1859 1591 1895 in
1627 1858 1761 1896 tabula

282 1927 532 1975 Hesychiana
569 1925 836 1975 perhibentur,
874 1939 944 1964 cur
981 1939 1002 1963 a
1032 1926 1230 1964 Zenodoto
1267 1926 1548 1977 abiudicemus,
1585 1940 1662 1965 non
1701 1930 1760 1965 est

283 2006 413 2040 causa⁷
451 2007 538 2032 nam
578 1997 616 2032 et
645 1995 881 2032 solutionum
914 1995 1209 2032 Homericarum
1242 1995 1407 2044 vestigia
1444 1995 1574 2033 adhuc
1605 1998 1760 2033 exstant

283 2065 320 2099 et
357 2062 495 2100 librum
534 2055 645 2112 πρὸς
682 2054 902 2099 Πλάτωνα
938 2058 1039 2111 περὶ
1075 2059 1198 2099 θεῶν
1241 2062 1340 2100 bene
1377 2063 1410 2100 ei
1449 2062 1609 2101 attribui
1644 2074 1759 2113 posse

285 2130 424 2168 collato
456 2130 603 2167 scholio
626 2130 655 2167 B
687 2129 735 2167 ad
768 2127 855 2175 11.ss
879 2132 927 2167 12
960 2129 1062 2167 infra
1092 2129 1317 2168 videbimus.

396 2210 477 2246 Iam
510 2209 625 2246 liceat
656 2209 747 2245 mihi
787 2209 921 2257 paucis
953 2220 1158 2257 exponere,
1197 2208 1291 2257 quid
1323 2220 1501 2246 censeam
1539 2208 1586 2247 de
1618 2211 1758 2247 natura

283 2278 386 2314 vitae
422 2276 609 2314 Zenodoti
647 2275 904 2313 Alexandrini
946 2276 983 2312 in
1023 2274 1166 2313 Suidae
1203 2276 1328 2313 lexico
1370 2275 1551 2314 traditae.
1618 2277 1759 2315 Forma

283 2343 449 2392 pristina
491 2343 588 2380 haec
634 2343 726 2380 mihi
775 2342 894 2380 fuisse
933 2342 1102 2380 videtur:
1153 2335 1402 2393 Ζηνόδοτος
1456 2332 1758 2392 Ἀλεξανδρεύς,

283 2403 593 2461 γραμματικός,
634 2398 657 2446 ὁ
701 2404 747 2447 ἐν
787 2402 906 2447 ἄστει
949 2406 1145 2461 κληθείς·
1193 2403 1350 2460 ἔγραψε·
1389 2404 1501 2460 πρὸς
1538 2404 1758 2448 Πλάτωνα

282 2474 382 2527 περὶ
411 2474 545 2515 θεῶν.
582 2473 695 2527 [περὶ
717 2474 793 2526 τῆς
810 2466 1033 2528 Ὁμηρικῆς
1056 2474 1318 2528 συνηθείας]
1351 2468 1494 2523 λύσεις
1516 2466 1757 2528 Ὁμηρικῶν

397 2586 424 2627 ¹)
459 2584 504 2617 ad
530 2584 572 2617 ΙΙ.
598 2595 619 2617 α
642 2587 669 2626 1,
694 2586 718 2627 β
738 2587 787 2618 12.

393 2642 422 2683 2)
455 2640 573 2674 Schol.
599 2640 643 2674 ad
668 2640 709 2674 Il.
728 2652 749 2674 σ
767 2644 847 2680 356ς
874 2652 894 2685 ρ
913 2644 976 2674 263
1001 2642 1061 2683 (z
1078 2640 1145 2674 Od.
1163 2642 1182 2673 d·
1198 2643 1287 2681 477).

393 2699 421 2739 3)
453 2696 570 2730 Huius
608 2696 754 2740 generis
797 2696 885 2730 vitia
924 2708 942 2731 c
979 2697 1164 2731 nominum
1205 2696 1375 2730 similium
1415 2695 1632 2731 confusione
1672 2701 1757 2733 nata

282 2753 428 2797 saepius
462 2762 648 2786 occurrere
684 2752 779 2795 apud
807 2752 1028 2797 Hesychium
1064 2752 1239 2797 exemplis
1273 2752 1520 2787 demonstrare
1552 2763 1644 2798 opus
1675 2762 1756 2789 esse

281 2819 355 2843 non
382 2808 538 2843 videtur⁴⁷
