1830 3201
280 184 359 220 304

275 297 355 330 tum
379 294 437 329 est
466 292 504 328 in
535 290 653 328 schol.
677 290 795 338 Vesp.
820 287 980 334 119141)
1013 292 1050 327 et
1078 289 1178 326 Plut.
1202 291 1296 328 179:
1329 282 1395 335 (τό
1414 288 1456 338 χ)
1479 280 1547 326 ὅτι
1576 279 1756 339 Ἄριστο-

277 353 422 410 <parm
453 349 505 395 οὐ
537 353 650 406 λέγει
681 350 894 406 σύμφωνα
923 349 1036 392 κατὰ
1064 348 1172 400 τούς
1199 349 1400 405 χρόνους,
1430 369 1507 405 quo
1540 357 1577 394 in
1609 357 1755 394 scholio

282 417 332 463 τὸ
364 437 389 475 χ
421 425 516 463 falso
549 435 634 461 esse
665 423 849 461 omissum
896 423 1168 472 unusquisque
1213 423 1286 460 iam
1326 423 1538 471 intelleget.
1607 423 1757 470 Quibus

281 493 468 542 expositis
512 503 597 529 cum
634 490 863 539 viderimus,
910 502 1146 539 quamquam
1181 501 1207 539 χ
1249 493 1392 539 exstet,
1433 502 1456 528 a
1497 490 1599 529 bono
1642 503 1755 540 posse

280 559 505 609 dependere
550 557 828 596 commentario
873 557 1082 606 scholium,
1128 557 1177 594 ad
1217 557 1337 595 schol.
1372 558 1463 595 Pac.
1499 559 1580 596 990
1625 569 1755 596 rever-

279 630 417 664 tamur.
489 625 773 664 Grammaticus
815 624 934 673 enim,
980 623 1194 661 didascalia
1239 623 1394 662 fabulae
1440 625 1585 663 certior
1630 624 1758 663 factus

278 694 432 732 doctam
475 704 559 731 esse
596 693 737 729 Pacem
776 692 964 729 archonte
999 691 1156 740 Alcaeo,
1192 703 1278 728 cum
1316 691 1583 730 offenderetur
1618 695 1758 740 poetae

278 761 407 799 verbis
448 761 522 798 iam
560 759 744 797 tredecim
782 770 906 796 annos
943 759 1117 796 homines
1147 770 1282 807 pacem
1320 758 1544 797 desiderare
1582 759 1758 805 dicentis,

280 829 356 865 hoc
395 826 496 864 falso
539 826 684 863 dictum
726 837 811 863 esse
850 826 1017 874 primum
1059 825 1240 874 probavit
1276 837 1296 862 e
1334 825 1546 863 comoedia.
1605 825 1759 863 Etenim

280 907 368 932 cum
412 893 630 931 meminerit
659 892 756 930 Aeli.
783 904 922 930 versus
955 894 1051 930 266:
1095 884 1208 941 ἕκτῳ
1244 882 1281 929 o'
1308 885 1389 929 ἔτει
1427 888 1667 942 προσεῖδον
1702 888 1761 937 εἰς

278 956 333 999 τὰ
371 957 523 1011 χωρία,
564 973 730 1009 cumque
767 961 850 998 sine
887 960 1005 997 dubio
1043 959 1266 998 Philochori
1303 960 1509 998 annalibus
1546 972 1651 1009 usus,
1692 960 1759 1009 qui

281 1029 416 1078 paullo
454 1031 542 1076 post
578 1026 845 1076 proferuntur,
882 1027 984 1063 inter
1022 1038 1108 1064 eum
1146 1029 1382 1075 praetorem,
1418 1039 1495 1074 quo
1531 1027 1759 1064 Acharneu—

280 1108 341 1134 ses
383 1095 497 1133 docta
528 1098 597 1139 est,
636 1094 859 1143 Euthynem
892 1091 1061 1141 426s25‚
1099 1098 1137 1131 et
1170 1105 1269 1139 eum,
1306 1105 1384 1143 quo
1417 1094 1499 1131 Pax
1538 1093 1761 1132 docebatur,

281 1168 360 1201 tres
382 1162 582 1200 intermitti
613 1161 857 1210 Stratoclem,
878 1160 1092 1209 Isarehum,
1114 1160 1306 1198 Aminiam
1337 1160 1442 1198 haud
1465 1161 1642 1207 nesciret,
1673 1150 1760 1197 ἀπὸ

281 1303 441 1346 fordius3
475 1313 557 1336 nam
582 1312 701 1346 neque
726 1302 772 1335 ad
796 1299 846 1345 μή
873 1302 1033 1346 pertinet
1056 1301 1231 1336 scholium
1256 1310 1376 1345 neque
1401 1301 1515 1336 verba
1539 1301 1619 1345 ipsa
1643 1300 1762 1336 Arist-

281 1359 379 1394 archi
412 1362 511 1393 recte
544 1358 726 1402 explicata
758 1362 846 1392 sunt
881 1367 999 1401 neque
1032 1357 1128 1400 signi
1156 1369 1179 1400 χ
1214 1361 1304 1401 puto
1336 1357 1394 1391 hic
1425 1357 1644 1391 mentionem
1674 1356 1761 1392 fieri.

282 1416 370 1450 Inde
392 1414 487 1449 enim
513 1414 611 1458 quod
633 1414 722 1448 dicit
739 1413 997 1457 grammaticus
1023 1412 1274 1447 Aristarchum
1299 1407 1554 1457 ἀντίστροφον
1576 1413 1762 1448 nominare

282 1471 378 1515 quod
406 1480 492 1505 suae
518 1470 650 1504 aetatis
674 1469 899 1513 grammatici
926 1479 1058 1504 vocare
1090 1469 1250 1503 solerent
1276 1464 1525 1513 οἷπόστροφον
1556 1469 1676 1503 elucet
1707 1468 1764 1503 hic

282 1539 354 1562 non
380 1537 460 1561 esse
486 1530 703 1571 usurpatum
731 1521 987 1570 ἀντίστροφον
1012 1535 1054 1559 eo
1073 1535 1139 1559 usu
1166 1535 1239 1569 quo
1265 1524 1341 1559 fere
1360 1534 1502 1568 semper
1526 1524 1691 1559 adhibita
1708 1528 1765 1559 est

283 1595 353 1618 vox
379 1592 510 1626 nempe
536 1583 762 1626 „oppositus‚
788 1582 1026 1624 contrarius“,
1053 1581 1119 1615 sed
1145 1590 1226 1615 esse
1252 1581 1396 1624 signum
1413 1581 1505 1614 illud
1530 1581 1629 1624 quod
1652 1581 1763 1615 inser-

283 1639 337 1673 vit
369 1638 548 1672 notandae
575 1637 718 1672 elisioni
743 1638 881 1672 vocalis
908 1631 960 1680 (²).
1009 1637 1115 1678 Quod
1143 1636 1174 1670 si
1199 1636 1341 1676 statuis,
1374 1637 1510 1680 optime
1533 1645 1680 1681 quoque
1705 1646 1764 1671 ex-

284 1696 442 1738 plicatur
467 1691 662 1739 λαμβάνει,
695 1690 842 1737 δέχεται
869 1687 1130 1737 ἅπόστροφον,
1163 1692 1209 1726 ad
1233 1693 1332 1736 quod
1356 1692 1509 1727 verbum
1533 1703 1605 1726 non
1631 1702 1765 1736 „gram-

284 1751 439 1785 maticus
464 1749 759 1793 (Aristarchus)“
793 1749 1036 1793 supplendum
1063 1752 1120 1783 est
1151 1749 1368 1791 subiectum,
1399 1748 1464 1783 sed
1491 1752 1616 1788 ,‚vox“.
1665 1748 1765 1790 Quae

285 1808 313 1841 si
340 1810 519 1849 constant,
545 1816 618 1840 non
638 1805 684 1839 ad
702 1818 746 1849 ην
764 1806 947 1849 pertinere
965 1808 1089 1848 potest
1108 1804 1294 1847 scholium,
1321 1804 1385 1838 sed
1410 1804 1456 1838 ad
1472 1806 1590 1838 ταῦτα
1615 1807 1652 1839 et
1676 1804 1765 1838 nihil

286 1864 385 1897 aliud
410 1861 500 1896 facit
518 1861 756 1896 Aristarchus
781 1871 888 1905 quam
906 1871 1036 1895 novam
1054 1860 1197 1905 profert
1215 1860 1410 1895 lectionem
1428 1855 1547 1894 ταύτά
1565 1871 1630 1904 pro
1648 1863 1765 1895 ταῦτα

285 1920 470 1963 (neglecta
503 1922 675 1952 accentus
707 1918 942 1961 differentia).
997 1917 1078 1952 Huc
1111 1917 1203 1951 bene
1237 1917 1392 1960 quadrat
1423 1917 1515 1951 illud
1546 1917 1644 1960 quod
1677 1917 1767 1951 dicit

285 1971 366 2019 ἔστι
400 1972 473 2019 γὰρ
505 1969 725 2008 τούναντιόν
755 1975 856 2018 δρᾶν.
910 1973 1022 2007 11111110
1053 1973 1105 2007 rei
1130 1973 1248 2016 ipsius
1273 1972 1469 2016 vestigium
1507 1973 1597 2007 latet
1633 1973 1670 2007 in
1703 1972 1767 2008 καὶ

287 2033 410 2071 τοῦτο,
437 2030 496 2064 11111
514 2040 595 2064 oum
614 2028 680 2064 καί
695 2030 873 2064 inserviat
890 2029 1084 2063 sententiis
1103 2028 1381 2072 coniungendis,
1404 2028 1605 2072 posteriore
1623 2029 1765 2063 demum

290 2092 453 2131 tempore
477 2086 631 2130 illatum,
656 2086 691 2119 in
717 2097 829 2119 τοντο
856 2085 945 2119 latet
962 2096 1033 2119 vox
1051 2097 1178 2119 ταυτα.
1227 2084 1327 2125 Quae
1352 2095 1433 2118 011111
1458 2085 1508 2117 ita
1533 2095 1571 2119 se
1596 2085 1766 2129 habeant,

294 2143 390 2186 signi
406 2155 428 2186 χ
455 2143 602 2176 0111111110
628 2142 684 2176 1110
711 2143 814 2176 locus
839 2149 910 2175 non
938 2145 1005 2184 est,
1030 2141 1094 2176 sed
1120 2142 1214 2175 alius
1233 2141 1337 2185 signi,
1363 2151 1435 2185 quo
1460 2145 1581 2175 textus
1599 2142 1766 2176 differen-

289 2199 357 2232 tias
391 2198 532 2232 solebat
563 2198 738 2232 adnotare
769 2197 1019 2232 Aristarchus.
1067 2197 1205 2239 Quibus
1230 2197 1408 2240 expositis
1439 2208 1509 2232 non
1536 2207 1686 2232 necesse
1711 2202 1767 2232 est

291 2255 438 2297 planius
463 2254 622 2289 refutare
650 2264 745 2298 quae
770 2254 1005 2297 Gerhardius,
1032 2254 1053 2288 l.
1072 2264 1100 2289 a.
1119 2265 1155 2298 p.
1173 2258 1225 2293 34,
1250 2258 1298 2296 et,
1323 2254 1384 2296 qui
1409 2258 1536 2288 contra
1560 2264 1640 2288 eum
1666 2254 1767 2296 dicit,

291 2310 524 2353 Scin-adenis,
551 2311 572 2344 l.
591 2321 621 2344 a.
647 2321 681 2354 p.
703 2313 753 2344 10.
774 2313 809 2344 11
839 2310 883 2344 (10
909 2309 975 2344 1100
999 2310 1136 2344 50110110
1161 2310 1371 2344 attulerunt.

402 2379 447 2420 41)
482 2377 561 2418 Quo
587 2381 677 2420 puto
705 2377 840 2420 optime
865 2376 1009 2411 Lehrsii
1038 2377 1216 2411 rationem
1248 2386 1370 2411 veram
1402 2386 1483 2411 esse
1515 2377 1765 2412 demonstrari.

292 2434 448 2468 Exstant
466 2433 559 2468 enim
586 2434 679 2467 duae
697 2433 961 2476 explicationes
982 2433 1075 2476 signi
1090 2445 1112 2477 χ
1138 2433 1233 2468 inter
1250 2443 1288 2467 se
1312 2433 1497 2467 diversae:
1522 2432 1539 2466 I
1564 2433 1586 2468 l.
1603 2436 1644 2466 45
1676 2429 1718 2467 τὸ
1741 2446 1764 2477 χ

291 2484 347 2523 2111
375 2517 382 2524 .
409 2519 415 2524 .
444 2516 451 2523 .
480 2486 530 2530 ὡς
557 2484 710 2533 ἀληθῶς
735 2486 888 2535 ἱστορεῖ,
922 2490 955 2523 II
985 2490 1005 2523 l.
1024 2492 1064 2523 46
1080 2500 1158 2533 sqq.
1183 2485 1225 2522 τὸ
1248 2502 1271 2533 χ
1297 2489 1413 2533 (quod
1438 2489 1495 2523 hic
1521 2489 1766 2533 supplendum

292 2547 364 2588 est)
399 2540 454 2579 ὅτι
489 2542 793 2589 κατεψευσμένοι
827 2544 1023 2589 φαίνονται
1058 2547 1136 2580 κτλ.
1184 2545 1259 2579 Res
1283 2546 1332 2579 ita
1357 2545 1570 2588 explicatur.
1612 2544 1766 2579 Veteres

293 2601 539 2635 commentarii
563 2601 737 2646 (Didymi,
762 2601 895 2635 deinde
920 2601 1004 2635 hinc
1030 2601 1237 2635 haurientes
1262 2601 1337 2642 alii)
1366 2600 1454 2634 nihil
1484 2600 1666 2634 habehant
1695 2600 1766 2634 nisi

294 2657 468 2691 scholium
487 2657 520 2690 ΙΙ
546 2657 680 2690 01111550
702 2658 806 2690 initio
834 2653 874 2690 τὸ
890 2669 913 2700 χ
933 2651 1008 2700 ὅτις
1033 2657 1101 2690 iam
1127 2667 1208 2690 011111
1233 2657 1362 2700 poetae
1386 2656 1496 2690 verba
1519 2666 1599 2690 cum
1624 2665 1662 2690 re
1680 2665 1766 2689 vera

294 2723 364 2746 non
401 2723 602 2755 congruere
642 2712 822 2747 inveniret
863 2713 1139 2747 sclioliastarum
1177 2713 1324 2756 aliquis,
1361 2712 1577 2755 exemplaris
1614 2711 1765 2755 margini

296 2768 440 2811 signum
462 2781 484 2812 χ
511 2768 720 2812 adscripsit,
753 2769 849 2811 quod
882 2769 925 2803 ab
950 2768 1229 2812 insequentibus
1263 2768 1446 2803 diversum
1477 2767 1512 2801 in
1538 2767 1681 2801 modum
1713 2767 1764 2800 in-
