1830 3201
327 185 402 221 156

326 295 441 343 plecti
471 294 614 332 dubito.
674 296 794 332 Immo
821 308 915 334 vero
950 294 1108 341 Iahniil)
1131 297 1374 342 sententiam,
1407 309 1507 346 quae
1538 297 1793 336 Schmidtium

324 361 472 410 fugisse
503 361 669 407 videtur,
701 364 957 412 comprobare
991 376 1067 401 non
1090 363 1243 401 dubito:
1275 367 1409 402 censet
1428 367 1558 403 autem
1589 365 1796 404 Theodotii

324 442 463 467 nomen
501 431 539 467 in
577 430 775 469 Theodori
816 430 1090 479 corrigendum
1133 440 1227 469 esse.
1297 432 1478 470 Tradidit
1518 433 1615 471 enim
1659 432 1799 472 Suidas

323 509 350 534 s.
388 509 422 533 v.
464 493 746 546 Παλαίφατος
790 488 1017 548 Άβυδηυός
1067 498 1319 537 Theodorum
1371 499 1566 549 quendam
1619 500 1797 538 Iliensem

331 557 536 614 Τρωικάῖ)
568 565 603 603 id
637 569 695 604 est
728 578 813 612 „res
844 566 1004 604 Iliacas“
1042 567 1317 615 composuisse.

435 633 698 671 Transeamus
730 646 833 672 nunc
863 634 912 671 ad
940 633 1069 672 studia
1091 634 1247 683 Aratea,
1277 634 1420 683 quibus
1452 647 1610 685 operam
1643 634 1798 673 dedisse

323 700 564 738 Zenodotum
588 701 783 739 Mallotam
816 702 970 739 scimus.
1029 702 1199 740 Primum
1230 703 1268 739 in
1290 703 1556 751 quaestionem
1580 702 1797 742 vocandum

325 770 384 806 est
414 768 602 817 scholion,
640 769 745 818 quod
778 782 812 818 p.
844 771 920 807 149
961 769 1084 818 primo
1120 770 1203 808 loco
1243 770 1454 809 attulimus.
1512 771 1799 820 Interpretatus

324 838 450 873 autem
484 839 542 874 est
573 836 797 874 Zenodotus
829 849 963 874 vocem
996 832 1152 874 δι’κτου
1183 838 1414 886 intellegens
1445 831 1497 875 τὸ
1520 831 1798 888 καλούμενον

323 899 536 953 ὁὶκταμου
582 907 620 942 et
662 916 826 942 censens
871 905 972 942 hano
1015 905 1062 942 ob
1104 918 1183 944 rem
1226 906 1422 944 notionem
1465 897 1626 951 εὐῶδες
1669 907 1797 945 locum

321 971 475 1009 habere.
536 971 622 1019 Quo
655 972 691 1009 in
722 973 828 1010 Arat.
857 985 911 1010 vs.
940 975 990 1012 33
1024 973 1273 1011 offenderunt
1303 975 1558 1023 grammatici,
1589 974 1694 1024 quod
1726 986 1797 1024 pro

322 1036 467 1090 Δίκτη,
499 1053 576 1089 quo
614 1041 717 1078 Iovis
748 1040 983 1078 incunabula
1014 1040 1287 1091 referebantss),
1319 1042 1423 1091 apud
1447 1042 1606 1080 Aratum
1638 1038 1798 1080 Δίκτοι)

321 1106 498 1157 θΧείειΗ),
530 1107 670 1146 deinde
702 1108 806 1157 quod
840 1120 949 1146 mons
972 1104 1103 1159 Δίκτη
1135 1109 1195 1146 vel
1216 1105 1377 1146 Λέκτον
1408 1123 1450 1148 re
1479 1122 1571 1148 vera
1603 1123 1680 1149 non
1709 1111 1797 1148 vici-

320 1187 393 1213 nus
425 1175 474 1213 sit
506 1173 644 1221 Idae.5)
707 1175 816 1222 Quae
846 1188 907 1213 res
940 1188 1025 1214 cum
1048 1176 1291 1214 Zenodotum
1319 1189 1395 1215 non
1419 1177 1566 1227 fugisse
1589 1177 1796 1216 verisimile

319 1243 379 1291 sit,
411 1246 614 1292 praeterea
646 1240 808 1281 Aixwv
839 1246 1007 1282 montem
1041 1234 1182 1295 εὐώδη
1214 1246 1405 1294 appellari
1435 1258 1550 1294 posse
1588 1245 1797 1293 dubitavit3

320 1323 406 1348 nam
449 1324 531 1349 eam
571 1313 802 1350 sententiam
846 1325 893 1350 ex
931 1313 1067 1350 scholii
1106 1312 1232 1351 verbis
1270 1313 1384 1351 facile
1424 1314 1552 1363 colligi
1593 1313 1795 1352 concedes

320 1378 468 1425 Quodsi
501 1379 634 1418 Aratei
657 1380 840 1418 carminis
869 1380 993 1418 locum
1028 1381 1111 1418 miri
1134 1380 1280 1429 aliquid
1304 1381 1448 1419 habere
1480 1381 1578 1419 bene
1606 1382 1797 1419 intellexit

319 1446 552 1495 Zenodotus‚
584 1447 667 1485 eius
698 1447 922 1496 explicandi
954 1448 1144 1486 rationem
1177 1447 1315 1486 falsam
1348 1460 1430 1486 esse
1462 1452 1636 1499 apparet.
1695 1450 1794 1487 Nam

318 1518 424 1552 certe
466 1527 584 1553 causa
623 1527 701 1553 non
744 1518 812 1561 est,
853 1527 922 1553 cur
962 1515 1034 1553 sub
1075 1528 1172 1554 voce
1207 1512 1349 1561 Δίκτῳ
1391 1528 1467 1554 non
1510 1519 1690 1567 montem,
1730 1517 1794 1566 qui

316 1583 435 1632 vulgo
466 1577 598 1634 Λίκτη
636 1584 866 1633 appellatur,
908 1584 1202 1633 intellegamus;
1246 1584 1411 1634 primum
1453 1584 1552 1622 enim
1596 1585 1634 1622 in
1672 1584 1796 1623 forma

316 1664 392 1689 non
431 1653 488 1689 est
519 1651 770 1697 haerendum,
813 1663 898 1688 cum
941 1652 1080 1689 similia
1119 1652 1277 1701 saepius
1318 1651 1626 1702 inveniantur6);
1667 1665 1794 1701 neque

315 1718 419 1767 quod
460 1731 482 1756 a
522 1731 614 1757 vero
656 1719 848 1757 recedens
891 1719 1042 1757 Dictum
1086 1732 1209 1769 prope
1250 1719 1358 1757 Idam
1405 1720 1521 1757 situm
1562 1732 1646 1758 esse
1688 1719 1794 1765 dixit,

314 1790 454 1835 poetae
498 1787 537 1824 in
580 1787 750 1824 carmine
793 1786 1005 1824 miraberis.
1075 1787 1254 1836 Denique
1295 1799 1430 1825 vocem
1470 1777 1630 1831 εὐῶδες
1673 1788 1792 1826 monti

314 1851 461 1905 Δίκτῳ
491 1856 712 1905 appositum
755 1855 853 1893 bene
894 1855 1081 1904 explicuit
1121 1855 1333 1893 scholiasta
1372 1854 1503 1893 verbis
1533 1855 1608 1893 his:
1652 1844 1794 1906 εὐώδη

314 1918 359 1958 δὲ
391 1918 540 1973 (φησὶν
575 1913 762 1972 Ἄρατος)
795 1913 865 1959 (διὰ
896 1915 977 1972 τηι)
1009 1916 1097 1959 ἐκεῖ
1126 1918 1354 1972 φυομένην
1383 1913 1578 1973 βοτάνην
1607 1916 1690 1973 τὴν
1719 1935 1792 1959 κα-

428 2032 455 2071 ¹)
485 2029 611 2063 Philol.
640 2030 654 2062 1
680 2040 714 2072 p.
735 2033 808 2063 179.

424 2087 452 2127 2)
488 2082 686 2130 Θεόδωρος
712 2081 731 2119 ὃ
761 2082 882 2127 Ἰλιεὺς
910 2082 949 2121 ἐν
975 2082 1140 2133 δευτέρῳ
1172 2087 1367 2130 Τρωικῶν.

422 2144 451 2185 3)
482 2141 535 2176 Cf.
556 2142 676 2186 Apoll.
696 2142 812 2177 Rhod.
832 2142 846 2175 I
864 2146 945 2177 509:
974 2139 1066 2183 Ζεὺς
1092 2138 1145 2177 ἔτι
1172 2145 1310 2187 κοῦρος
1327 2143 1505 2176 Δικταῖον
1524 2141 1700 2176 ναίεσκεν
1719 2137 1790 2176 ὑπὸ

312 2183 436 2228 σπέος,
462 2188 541 2221 alia.

422 2245 446 2287 4)
479 2243 533 2278 Cf.
560 2243 670 2278 schol.
693 2244 739 2278 ad
759 2243 789 2278 h.
809 2244 830 2278 l.
858 2239 931 2278 ἐ’δει
950 2242 987 2279 δὲ·
1009 2241 1129 2278 εἰπεῖν
1148 2242 1278 2287 Δίκτης
1310 2243 1441 2278 Strabo
1460 2244 1493 2277 X
1519 2254 1553 2287 p.
1571 2246 1652 2278 472:
1678 2241 1789 2287 Jc'xw]

309 2294 399 2343 ὄρος
426 2296 464 2334 ἓν
489 2302 533 2343 τῇ
552 2296 699 2344 Ι(ρήτῃ;
734 2300 858 2344 steph.
878 2300 966 2343 Byz.
996 2311 1023 2336 s.
1042 2311 1073 2334 V.
1092 2298 1223 2343 Δίκτης
1250 2295 1339 2344 ὄρος
1364 2297 1524 2344 Κρήτης,
1550 2298 1790 2344 Καλλίμαχος

309 2358 404 2399 κτλ.;
432 2357 488 2389 Et.
507 2356 626 2399 Magn.
651 2366 678 2390 s.
698 2367 730 2390 v.
749 2355 879 2400 Αίκτη;
906 2353 995 2401 ὄρος
1024 2359 1083 2400 τῆς
1108 2353 1267 2401 Κρήτης,
1293 2354 1358 2390 καὶ
1385 2352 1484 2401 ἂκρα
1509 2352 1664 2400 κειμένη
1691 2352 1790 2390 κατὰ

312 2407 350 2444 τὸ
371 2407 540 2456 Λιβυκὸν
565 2407 739 2455 πέλαγος.
782 2412 960 2445 Καλεῐται
988 2410 1025 2446 δὲ
1056 2410 1120 2445 καὶ
1146 2406 1363 2456 οὐδετέρως.
1402 2407 1550 2456 Ἄρατος
1574 2412 1721 2458 ,Λίκτῳ
1749 2407 1789 2446 ἐν

310 2462 443 2502 ειῖώδει
471 2469 570 2501 mlx·

421 2526 447 2564 5)
480 2523 597 2557 Schol.
623 2524 668 2557 ad
696 2524 729 2557 h.
748 2524 768 2557 l.
796 2528 872 2564 τοῖς
890 2522 927 2559 δὲ
949 2525 1099 2567 ζητοῦσι
1126 2526 1205 2564 πῶς
1222 2520 1264 2558 τὸ
1283 2522 1421 2557 Δίκτυν
1446 2525 1513 2558 τοῦ
1531 2518 1658 2558 Ἰδαίου
1677 2519 1789 2568 ὄρους

308 2578 466 2623 πλησίον
491 2577 615 2622 φησίν,
643 2576 704 2614 ἐπὶ
729 2581 909 2614 πλεῖστον
935 2575 1077 2624 ἀπέχον
1108 2582 1206 2622 κτλ.;
1240 2579 1372 2614 Strabo
1398 2579 1432 2613 X
1457 2590 1491 2622 p.
1509 2582 1593 2614 478:
1625 2577 1689 2613 καὶ
1714 2575 1787 2623 γὰρ

309 2630 327 2682 ἦ
346 2634 458 2679 Δίκτη
485 2662 492 2668 .
519 2663 525 2670 .
553 2660 559 2668 .
587 2662 593 2668 .
620 2630 685 2679 οὐχ
709 2630 760 2676 (ὃς
780 2631 926 2680 Ἄρατος
954 2632 1089 2680 ,,ι’)’ρεος
1115 2631 1250 2680 σχεδὸν
1269 2631 1436 2669 Ἰδαίοιο·ί
1461 2633 1525 2669 καὶ
1550 2630 1623 2679 γάρ
1648 2633 1789 2679 χιλίους

307 2686 327 2748 ἦ
346 2689 458 2735 ,Ιίκτη
485 2694 549 2735 τῆς
569 2687 660 2735 Ἴδης
686 2686 832 2735 ἀπέχει.

418 2748 446 2791 ⁶)
479 2747 637 2781 Enotavi
663 2757 693 2781 e.
723 2757 773 2791 gr.
802 2747 1028 2782 Cretensium
1054 2747 1198 2782 urbium
1233 2745 1367 2782 formas
1402 2747 1583 2781 nominum
1620 2745 1788 2790 duplices

307 2802 388 2836 has:
424 2799 680 2847 Πολυῤῥηιίον
705 2807 741 2837 et
767 2799 1015 2847 Πολυῤῥηνία,
1043 2801 1198 2843 Βίεννος
1223 2806 1260 2837 et
1287 2802 1436 2837 Βίεννα.
