1830 3201
314 155 393 192 368

314 264 395 300 viiii
426 264 473 300 ad
508 263 794 309 Pliilochorum,
828 268 976 312 partem
1010 265 1058 302 ad
1091 266 1336 304 scholiastam
1369 270 1576 316 pertinere.
1636 271 1787 308 Etenim

315 343 401 368 cum
424 329 679 378 Thucydides
702 331 729 378 l,
749 333 877 380 128,1
903 331 1019 381 dicat,
1050 345 1134 370 cum
1158 324 1262 382 ἄγος
1289 327 1520 384 Ταινάριον
1552 339 1791 386 exposuerit,

314 387 367 433 δι’
389 386 412 432 ὃ
444 386 495 446 δὴ
537 392 609 432 καὶ
647 392 798 444 σφίσιν
834 387 984 443 αὐτοῖς
1022 395 1275 449 νομίζουσιν
1313 394 1394 438 τὸν
1432 398 1569 452 μέγαν
1613 397 1788 453 σεισμὸν

312 459 515 514 γενέσθαι
537 458 583 500 ἐν
605 457 805 514 Σπάρτῃ,
838 466 930 514 quid
954 467 1114 516 impedit
1142 469 1234 516 quin
1257 469 1470 517 cogitemus
1501 470 1789 519 Philochorum,

312 536 354 569 ut
375 543 492 579 saepe
524 530 578 568 ita
605 531 665 568 hic
696 532 968 581 Thucydidem
996 537 1184 580 secutum,
1217 547 1302 573 cum
1326 537 1513 574 archonte
1534 537 1789 587 Theagenide

313 601 510 636 narrasset
542 588 644 648 ἄγος
680 592 923 649 Ταινάριον,
955 601 1060 650 quod
1091 614 1132 639 re
1162 614 1253 641 vera
1284 606 1377 641 tunc
1409 605 1550 654 evenit,
1580 617 1602 642 a
1632 605 1787 655 Thucy-

313 665 401 702 dide
433 667 665 702 commotum
697 665 897 705 addidisse
929 672 1073 705 motum
1106 672 1236 706 terrae
1275 673 1312 708 et
1349 669 1606 709 defectionem
1640 672 1789 710 helota-

311 744 406 779 rum,
438 732 520 769 sive
551 732 632 781 ipse
664 733 761 771 haec
793 735 921 771 omnia
952 735 1075 773 eidem
1107 736 1281 784 praetori
1311 737 1458 786 tribuit,
1489 738 1582 788 sive,
1612 738 1651 776 id
1683 739 1787 788 quod

312 800 401 837 mihi
424 799 666 848 probabilius
684 801 852 851 videtur,
873 802 1038 841 addidit:
1067 796 1163 849 „ded
1180 793 1365 853 ὕστερον
1381 805 1445 842 illa
1462 805 1789 854 accide1·unt“49),

311 867 537 905 scholiastes
577 870 706 905 autem
747 870 975 907 archontem
1018 870 1241 909 describens
1284 884 1329 909 ea
1375 885 1475 921 quae
1516 885 1655 911 revera
1695 878 1788 912 tunc

310 938 523 972 evenerant
553 935 690 981 omisit⁷
726 938 948 984 posteriora
979 938 1184 987 exposuit?
1249 940 1356 977 Haec
1392 939 1510 988 igitur
1546 940 1628 979 fere
1665 940 1788 979 forma

310 1001 517 1050 fragmenti
550 1002 816 1041 Philochorei:
849 999 917 1041 ἐπὶ
947 1001 1228 1054 Θεαγενίδου·
1263 1007 1395 1044 evenit
1426 998 1529 1056 ἄγος
1557 999 1788 1057 Ταινάριον

309 1067 401 1106 κτλ.
437 1062 503 1105 διὸ
535 1065 608 1105 καὶ
639 1059 692 1106 οὐ
721 1068 877 1121 πολλῷ
912 1061 1099 1122 ὕστερον
1130 1062 1153 1108 ὁ
1186 1065 1354 1123 σεισμὸς
1386 1069 1557 1124 ἐγένετο
1589 1071 1662 1112 καί
1691 1074 1785 1113 κτλ.

422 1137 500 1174 lam
522 1137 582 1174 his
604 1138 790 1186 expositis
818 1139 896 1176 alia
918 1152 1076 1188 quoque
1098 1140 1247 1178 scholia
1279 1140 1520 1179 confidenter
1552 1142 1786 1182 Philochoro

309 1216 514 1253 possumus
544 1204 727 1243 tribuere.

423 1269 490 1317 24)
534 1270 662 1309 schol.
686 1272 789 1309 Nub.
812 1275 892 1311 584
924 1273 946 1311 l.
969 1276 1032 1312 34.
1061 1277 1111 1313 35
1145 1275 1229 1313 cod.
1250 1276 1278 1311 V
1310 1268 1458 1325 ἐπειδὴ
1482 1269 1675 1325 ἔκλειψις
1702 1272 1788 1327 ἐγέ-

309 1348 410 1374 νετο
442 1331 622 1388 σελήνης
659 1336 724 1388 τῷ
755 1336 959 1390 προτέρῳ
999 1333 1082 1377 ἔτει
1123 1335 1193 1378 ἐπὶ
1226 1338 1563 1391 Στρατοκλέους
1603 1341 1787 1395 βοηδρο-

306 1403 448 1454 μιῶνι,
481 1417 566 1443 cum
599 1406 717 1444 schol.
746 1408 825 1445 585
865 1407 960 1444 nihil
997 1409 1188 1446 contineri
1227 1421 1273 1446 ex
1306 1410 1468 1448 historia
1499 1411 1679 1449 haustum
1712 1413 1786 1450 iam

308 1477 424 1511 antea
456 1473 677 1512 viderimus.
740 1476 798 1512 De
830 1487 872 1512 re
910 1475 956 1512 cf.
989 1475 1103 1514 Diod.
1131 1477 1216 1525 XII,
1239 1479 1302 1515 60.
1362 1477 1485 1524 Quam
1518 1491 1656 1517 revera
1692 1483 1786 1518 tunc

307 1541 497 1579 accidisse
528 1562 581 1565 —
612 1541 715 1579 unde
747 1542 970 1580 Philochori
1002 1542 1098 1581 fides
1135 1556 1213 1582 non
1254 1545 1500 1583 mediocriter
1537 1551 1702 1595 augetur
1732 1569 1786 1572 —

308 1609 450 1646 docent
481 1609 703 1655 astronomi,
740 1609 807 1658 qui
846 1621 978 1647 mense
1016 1610 1298 1649 Boedromione
1337 1613 1427 1650 anni
1458 1615 1538 1652 423
1576 1610 1615 1663 (i.
1638 1627 1669 1652 e.
1696 1627 1729 1653 a.
1751 1615 1786 1653 d.

310 1677 377 1713 Vll
406 1676 461 1713 Id.
481 1674 656 1722 Octobr.)
694 1676 824 1713 lunam
863 1676 1054 1715 defecisse
1094 1682 1264 1727 narrant,
1302 1680 1368 1728 qui
1406 1679 1582 1718 defectus
1619 1682 1785 1721 Athenis

307 1756 392 1781 cum
435 1743 518 1781 sere
556 1744 749 1793 inciperet
787 1744 883 1782 hora
907 1746 958 1782 VI
997 1744 1111 1783 finem
1153 1746 1289 1784 habuit
1330 1748 1425 1785 hora
1463 1745 1579 1797 1X.50)
1648 1749 1786 1787 Altera

307 1812 484 1860 quaestio
516 1816 574 1850 est
611 1825 700 1850 num
734 1817 839 1850 recte
877 1813 925 1850 ad
964 1814 1068 1852 hunc
1104 1814 1220 1852 lunae
1254 1815 1449 1853 defectum
1482 1818 1781 1867 Aristophanem

306 1879 483 1918 alludere
520 1883 631 1929 putet
662 1882 950 1929 grammaticus,
988 1881 1093 1930 quod
1133 1883 1268 1932 utique
1306 1883 1546 1933 negandum3
1584 1886 1651 1923 sed
1684 1887 1784 1925 hanc

306 1961 384 1986 rem
419 1947 644 1986 discernere
675 1949 723 1986 ad
755 1962 815 1987 me
847 1962 923 1988 non
956 1948 1202 1999 pertinet5¹);
1240 1951 1334 1989 satis
1365 1951 1490 1991 habeo
1523 1953 1783 2002 fragmentum

306 2016 529 2054 Philochori
562 2018 757 2055 statuisse.

419 2083 486 2130 25)
528 2084 654 2122 Schol.
682 2085 921 2134 Thesmoph.
950 2088 1028 2124 841
1062 2076 1142 2136 ἤδη
1174 2079 1253 2135 γὰρ
1285 2078 1513 2137 ἐτεθνήκει
1550 2088 1617 2134 (sc.
1646 2089 1783 2127 Lama-

306 2150 417 2197 chus)
460 2146 506 2188 ἑν
547 2148 732 2204 Σικελίᾳ
772 2142 972 2203 τετάρτῳ
1013 2146 1094 2189 ἔτει
1135 2144 1361 2203 πρότξρον
1401 2154 1470 2201 (sc.
1505 2160 1596 2193 ante
1628 2156 1780 2194 doctam

305 2220 739 2269 Thesmophoriazuson
771 2219 969 2266 fabulam).
1028 2220 1227 2259 Scholium
1250 2222 1416 2260 eundem
1439 2224 1476 2260 in
1500 2223 1656 2262 modum
1680 2237 1781 2263 com-

304 2292 480 2335 paratum
513 2291 571 2325 est
601 2300 646 2325 ac
678 2289 800 2326 schol.
828 2289 933 2326 Eccl.
964 2291 1057 2327 193:
1094 2292 1206 2327 vetus
1237 2292 1524 2338 grammaticus,
1556 2304 1642 2329 cum
1675 2305 1695 2329 e
1727 2292 1780 2330 di-

307 2354 479 2392 dascalia
510 2356 624 2393 etiam
656 2358 736 2393 tum
770 2359 925 2393 servata
957 2355 1168 2406 didicisset,
1198 2369 1275 2406 quo
1299 2357 1486 2396 archonte
1509 2358 1643 2396 fabula
1665 2359 1780 2398 docta

416 2486 460 2526 49)
492 2483 595 2517 Talia
619 2494 691 2518 non
716 2484 822 2528 plane
847 2485 1081 2520 abhorruisse
1106 2496 1126 2520 a
1142 2485 1348 2520 Philochori
1370 2497 1468 2521 more
1494 2487 1644 2522 docetur
1668 2488 1780 2523 schol.

302 2541 383 2574 Pac.
402 2543 476 2582 (505,
500 2539 611 2583 Vesp.
631 2543 704 2574 210.

415 2598 459 2636 5“’)
495 2595 548 2630 Cf.
575 2600 720 2639 praeter
743 2597 1006 2639 Hoffmannum,
1038 2598 1314 2641 Progr.T1·iest.
1342 2601 1423 2633 1884
1449 2602 1555 2642 p.18‚
1586 2600 1778 2643 Oppolzeri

303 2652 391 2686 liber
424 2653 760 2695 praestantissimus
795 2654 940 2696 „Canon
973 2655 1036 2688 der
1070 2654 1352 2689 Finste1·nisse“:
1394 2654 1682 2690 Denkschriften
1715 2656 1778 2690 der

303 2707 421 2741 Wien.
446 2705 629 2742 Akadem.
655 2708 990 2744 mathem.-uaturw.
1016 2709 1147 2744 Klasse
1172 2710 1237 2743 LII
1268 2721 1301 2753 p.
1326 2713 1388 2744 337
1421 2715 1457 2745 et
1488 2722 1521 2754 p.
1547 2711 1672 2744 XXIII
1687 2721 1777 2754 sqq„

304 2774 336 2806 p.
357 2767 407 2797 To.
